company_name,company_ticker,company_lei,company_cik,year,quarter,start_date,end_date,filing_date,amortizationexpense,basicdilutedeps,basiceps,cashdividendspershare,depositsinterestexpense,dilutedeps,incometaxexpense,investmentsecuritiesinterestincome,loansandleaseinterestincome,longtermdebtinterestexpense,netincome,netincomecontinuing,netincometocommon,netincometononcontrollinginterest,netinterestincome,netoccupancyequipmentexpense,netrealizedcapitalgains,otheradjustmentstonetincometocommon,otherinterestexpense,otherinterestincome,othernoninterestincome,otheroperatingexpenses,otherservicechargeincome,preferreddividends,premiumsearned,propertyliabilityinsuranceclaims,provisionforcreditlosses,salariesandemployeebenefitsexpense,servicechargesondepositsincome,shorttermborrowinginterestexpense,totalinterestexpense,totalinterestincome,totalnoninterestexpense,totalnoninterestincome,totalpretaxincome,totalrevenue,tradingaccountinterestincome,trustfeeincome,weightedavebasicdilutedsharesos,weightedavebasicsharesos,weightedavedilutedsharesos
Wells Fargo & Co,WFC,PBLD0EJDB5FWOLXP3B76,72971,2007.0,FY,2007-01-01,2007-12-31,2010-02-26 13:26:06+00:00,,2.41,2.41,1.18,8152000000.0,2.38,3570000000.0,3451000000.0,31260000000.0,4806000000.0,8265000000.0,8265000000.0,8057000000.0,208000000.0,20974000000.0,2839000000.0,1617000000.0,,0.0,293000000.0,703000000.0,8861000000.0,11547000000.0,,1530000000.0,,4939000000.0,11046000000.0,,1245000000.0,14203000000.0,35177000000.0,22746000000.0,18546000000.0,11835000000.0,39520000000.0,173000000.0,3149000000.0,3343200000.0,3348500000.0,3382800000.0
Wells Fargo & Co,WFC,PBLD0EJDB5FWOLXP3B76,72971,2008.0,FY,2008-01-01,2008-12-31,2011-02-25 14:40:28+00:00,186000000.0,0.7,0.7,1.3,4521000000.0,0.7,602000000.0,5287000000.0,29253000000.0,3756000000.0,2698000000.0,2698000000.0,2369000000.0,43000000.0,25143000000.0,2976000000.0,555000000.0,,,181000000.0,2257000000.0,8500000000.0,10998000000.0,286000000.0,,,15979000000.0,10936000000.0,,1478000000.0,9755000000.0,34898000000.0,22598000000.0,16734000000.0,3300000000.0,41877000000.0,177000000.0,2924000000.0,3384300000.0,3378100000.0,3391300000.0
Wells Fargo & Co,WFC,PBLD0EJDB5FWOLXP3B76,72971,2008.0,Q3,2008-07-01,2008-09-30,2009-11-06 15:14:45+00:00,,0.49,0.49,0.34,1019000000.0,0.49,730000000.0,1397000000.0,7294000000.0,882000000.0,1651000000.0,1651000000.0,1637000000.0,14000000.0,6381000000.0,704000000.0,-425000000.0,,0.0,42000000.0,439000000.0,2164000000.0,3244000000.0,,,,2495000000.0,2633000000.0,,492000000.0,2393000000.0,8774000000.0,5501000000.0,3996000000.0,2381000000.0,10377000000.0,41000000.0,738000000.0,3340800000.0,3316400000.0,3331000000.0
Wells Fargo & Co,WFC,PBLD0EJDB5FWOLXP3B76,72971,2008.0,Q2,2008-04-01,2008-06-30,2009-08-07 16:55:52+00:00,,0.53,0.53,0.31,1063000000.0,0.53,834000000.0,1224000000.0,7239000000.0,849000000.0,1769000000.0,1769000000.0,1753000000.0,16000000.0,6278000000.0,705000000.0,-44000000.0,,0.0,46000000.0,550000000.0,2304000000.0,3914000000.0,,,,3012000000.0,2836000000.0,,357000000.0,2269000000.0,8547000000.0,5845000000.0,5182000000.0,2603000000.0,11460000000.0,38000000.0,762000000.0,3307500000.0,3309800000.0,3321400000.0
Wells Fargo & Co,WFC,PBLD0EJDB5FWOLXP3B76,72971,2009.0,Q4,2009-10-01,2009-12-31,,,-1.7,-1.7,-0.44,-2861000000.0,-1.69,-4382000000.0,-8543000000.0,-33102000000.0,-4565000000.0,-9654000000.0,-9654000000.0,-8257000000.0,-202000000.0,-34824000000.0,-4182000000.0,-1833000000.0,-1195000000.0,-122000000.0,-249000000.0,-1585000000.0,-15830000000.0,-20037000000.0,,-581000000.0,,-15755000000.0,-16187000000.0,,-210000000.0,-7758000000.0,-42582000000.0,-36199000000.0,-31166000000.0,-14036000000.0,-65990000000.0,-688000000.0,-7130000000.0,,,
Wells Fargo & Co,WFC,PBLD0EJDB5FWOLXP3B76,72971,2009.0,Q3YTD,2009-01-01,2009-09-30,,,1.7,1.7,0.44,2861000000.0,1.69,4382000000.0,8543000000.0,33102000000.0,4565000000.0,9654000000.0,9654000000.0,8257000000.0,202000000.0,34824000000.0,4182000000.0,1833000000.0,1195000000.0,122000000.0,249000000.0,1585000000.0,15830000000.0,20037000000.0,,581000000.0,,15755000000.0,16187000000.0,,210000000.0,7758000000.0,42582000000.0,36199000000.0,31166000000.0,14036000000.0,65990000000.0,688000000.0,7130000000.0,4708900000.0,4678300000.0,4706400000.0
Wells Fargo & Co,WFC,PBLD0EJDB5FWOLXP3B76,72971,2009.0,Q2YTD,2009-01-01,2009-06-30,,,1.14,1.14,0.39,1956000000.0,1.13,3027000000.0,5596000000.0,22374000000.0,3264000000.0,6338000000.0,6338000000.0,5620000000.0,121000000.0,23140000000.0,2841000000.0,1222000000.0,597000000.0,76000000.0,172000000.0,893000000.0,10966000000.0,13060000000.0,,581000000.0,,9644000000.0,10708000000.0,,178000000.0,5474000000.0,28614000000.0,24515000000.0,20384000000.0,9365000000.0,43524000000.0,472000000.0,4628000000.0,4439700000.0,4483100000.0,4501600000.0
Wells Fargo & Co,WFC,PBLD0EJDB5FWOLXP3B76,72971,2009.0,Q1,2009-01-01,2009-03-31,2010-05-07 17:31:58+00:00,,0.56,0.56,0.34,999000000.0,0.56,1552000000.0,2709000000.0,11247000000.0,1779000000.0,3089000000.0,3089000000.0,3045000000.0,44000000.0,11376000000.0,1483000000.0,511000000.0,,36000000.0,91000000.0,130000000.0,5125000000.0,6204000000.0,,581000000.0,,4558000000.0,5210000000.0,,123000000.0,2937000000.0,14313000000.0,11818000000.0,9641000000.0,4641000000.0,21017000000.0,266000000.0,2215000000.0,5437500000.0,4247400000.0,4249300000.0
Wells Fargo & Co,WFC,PBLD0EJDB5FWOLXP3B76,72971,2010.0,Q4,2010-10-01,2010-12-31,,549000000.0,0.62,0.62,0.05,662000000.0,0.61,1672000000.0,2374000000.0,10176000000.0,1153000000.0,3493000000.0,3493000000.0,3232000000.0,79000000.0,11063000000.0,1563000000.0,581000000.0,,65000000.0,124000000.0,-1078000000.0,5520000000.0,6785000000.0,182000000.0,,,2989000000.0,5708000000.0,1185000000.0,26000000.0,1906000000.0,12969000000.0,13340000000.0,10431000000.0,5165000000.0,21494000000.0,295000000.0,2958000000.0,5216100000.0,5226800000.0,5263100000.0
Wells Fargo & Co,WFC,PBLD0EJDB5FWOLXP3B76,72971,2010.0,FY,2010-01-01,2010-12-31,2013-02-27 11:07:48+00:00,2199000000.0,2.23,2.23,0.2,2832000000.0,2.21,6338000000.0,9666000000.0,41597000000.0,4888000000.0,12663000000.0,12663000000.0,11632000000.0,301000000.0,44757000000.0,5666000000.0,2103000000.0,,227000000.0,435000000.0,815000000.0,20030000000.0,24475000000.0,730000000.0,,,15753000000.0,22561000000.0,2126000000.0,92000000.0,8039000000.0,52796000000.0,50456000000.0,40453000000.0,19001000000.0,85210000000.0,1098000000.0,10934000000.0,5216100000.0,5226800000.0,5263100000.0
Wells Fargo & Co,WFC,PBLD0EJDB5FWOLXP3B76,72971,2010.0,Q3,2010-07-01,2010-09-30,2011-11-08 08:06:08+00:00,548000000.0,0.6,0.6,0.05,721000000.0,0.6,1751000000.0,2492000000.0,10250000000.0,1226000000.0,3425000000.0,3425000000.0,3150000000.0,86000000.0,11098000000.0,1299000000.0,487000000.0,,58000000.0,118000000.0,758000000.0,4648000000.0,5570000000.0,189000000.0,,,3445000000.0,5758000000.0,397000000.0,27000000.0,2032000000.0,13130000000.0,12253000000.0,9776000000.0,5176000000.0,20874000000.0,270000000.0,2564000000.0,5250000000.0,5240100000.0,5273200000.0
Wells Fargo & Co,WFC,PBLD0EJDB5FWOLXP3B76,72971,2010.0,Q3YTD,2010-01-01,2010-09-30,,1650000000.0,1.61,1.61,0.15,2170000000.0,1.6,4666000000.0,7292000000.0,31421000000.0,3735000000.0,9170000000.0,9170000000.0,8400000000.0,222000000.0,33694000000.0,4103000000.0,1522000000.0,,162000000.0,311000000.0,1893000000.0,14510000000.0,17690000000.0,548000000.0,,,12764000000.0,16853000000.0,941000000.0,66000000.0,6133000000.0,39827000000.0,37116000000.0,30022000000.0,13836000000.0,63716000000.0,803000000.0,7976000000.0,5250000000.0,5240100000.0,5273200000.0
Wells Fargo & Co,WFC,PBLD0EJDB5FWOLXP3B76,72971,2010.0,Q3TTM,2009-10-01,2010-09-30,,1650000000.0,-0.09,-0.09,-0.29,-691000000.0,-0.09,284000000.0,-1251000000.0,-1681000000.0,-830000000.0,-484000000.0,-484000000.0,143000000.0,20000000.0,-1130000000.0,-79000000.0,-311000000.0,-1195000000.0,40000000.0,62000000.0,308000000.0,-1320000000.0,-2347000000.0,548000000.0,-581000000.0,,-2991000000.0,666000000.0,941000000.0,-144000000.0,-1625000000.0,-2755000000.0,917000000.0,-1144000000.0,-200000000.0,-2274000000.0,115000000.0,846000000.0,5250000000.0,5240100000.0,5273200000.0
Wells Fargo & Co,WFC,PBLD0EJDB5FWOLXP3B76,72971,2010.0,Q2YTD,2010-01-01,2010-06-30,,1102000000.0,1.01,1.01,0.1,1449000000.0,1.0,2915000000.0,4800000000.0,21171000000.0,2509000000.0,5745000000.0,5745000000.0,5250000000.0,136000000.0,22596000000.0,2804000000.0,1035000000.0,,104000000.0,193000000.0,1135000000.0,9862000000.0,12120000000.0,359000000.0,,,9319000000.0,11095000000.0,544000000.0,39000000.0,4101000000.0,26697000000.0,24863000000.0,20246000000.0,8660000000.0,42842000000.0,533000000.0,5412000000.0,5232700000.0,5219700000.0,5260800000.0
Wells Fargo & Co,WFC,PBLD0EJDB5FWOLXP3B76,72971,2010.0,Q2TTM,2009-07-01,2010-06-30,,1102000000.0,-0.13,-0.13,-0.29,-507000000.0,-0.13,-112000000.0,-796000000.0,-1203000000.0,-755000000.0,-593000000.0,-593000000.0,-370000000.0,15000000.0,-544000000.0,-37000000.0,-187000000.0,-597000000.0,28000000.0,21000000.0,242000000.0,-1104000000.0,-940000000.0,359000000.0,-581000000.0,,-325000000.0,387000000.0,544000000.0,-139000000.0,-1373000000.0,-1917000000.0,348000000.0,-138000000.0,-705000000.0,-682000000.0,61000000.0,784000000.0,5232700000.0,5219700000.0,5260800000.0
Wells Fargo & Co,WFC,PBLD0EJDB5FWOLXP3B76,72971,2010.0,Q2,2010-04-01,2010-06-30,2011-08-05 08:05:26+00:00,553000000.0,0.55,0.55,0.05,714000000.0,0.55,1514000000.0,2385000000.0,10712000000.0,1233000000.0,3145000000.0,3145000000.0,2878000000.0,83000000.0,11449000000.0,1330000000.0,427000000.0,,55000000.0,109000000.0,329000000.0,5074000000.0,5902000000.0,184000000.0,,,3989000000.0,5789000000.0,544000000.0,21000000.0,2023000000.0,13472000000.0,12746000000.0,9945000000.0,4659000000.0,21394000000.0,266000000.0,2743000000.0,5232700000.0,5219700000.0,5260800000.0
Wells Fargo & Co,WFC,PBLD0EJDB5FWOLXP3B76,72971,2010.0,Q1TTM,2009-04-01,2010-03-31,,549000000.0,-0.1,-0.1,-0.29,-264000000.0,-0.11,-151000000.0,-294000000.0,-788000000.0,-503000000.0,-489000000.0,-489000000.0,-673000000.0,9000000.0,-229000000.0,-9000000.0,97000000.0,,13000000.0,-7000000.0,676000000.0,-337000000.0,14000000.0,175000000.0,-581000000.0,,772000000.0,96000000.0,,-105000000.0,-859000000.0,-1088000000.0,299000000.0,660000000.0,-640000000.0,431000000.0,1000000.0,454000000.0,5156500000.0,5190400000.0,5225200000.0
Wells Fargo & Co,WFC,PBLD0EJDB5FWOLXP3B76,72971,2010.0,Q1,2010-01-01,2010-03-31,2011-05-06 07:41:01+00:00,549000000.0,0.46,0.46,0.05,735000000.0,0.45,1401000000.0,2415000000.0,10459000000.0,1276000000.0,2600000000.0,2600000000.0,2372000000.0,53000000.0,11147000000.0,1474000000.0,608000000.0,,49000000.0,84000000.0,806000000.0,4788000000.0,6218000000.0,175000000.0,,,5330000000.0,5306000000.0,,18000000.0,2078000000.0,13225000000.0,12117000000.0,10301000000.0,4001000000.0,21448000000.0,267000000.0,2669000000.0,5156500000.0,5190400000.0,5225200000.0
Wells Fargo & Co,WFC,PBLD0EJDB5FWOLXP3B76,72971,2011.0,FY,2011-01-01,2011-12-31,2013-02-27 11:07:48+00:00,1880000000.0,2.85,2.85,0.48,2275000000.0,2.82,7445000000.0,8475000000.0,38949000000.0,3978000000.0,16211000000.0,16211000000.0,15025000000.0,342000000.0,42763000000.0,5294000000.0,2550000000.0,,316000000.0,548000000.0,524000000.0,18900000000.0,21847000000.0,844000000.0,,,7899000000.0,23319000000.0,1960000000.0,80000000.0,6649000000.0,49412000000.0,49393000000.0,38185000000.0,23656000000.0,80948000000.0,1440000000.0,11304000000.0,5271900000.0,5278100000.0,5323400000.0
Wells Fargo & Co,WFC,PBLD0EJDB5FWOLXP3B76,72971,2011.0,Q4,2011-10-01,2011-12-31,,467000000.0,0.74,0.74,0.12,507000000.0,0.73,1874000000.0,2092000000.0,9747000000.0,885000000.0,4183000000.0,4183000000.0,3888000000.0,76000000.0,10892000000.0,1366000000.0,539000000.0,,80000000.0,139000000.0,-349000000.0,4718000000.0,6399000000.0,219000000.0,,,2040000000.0,5957000000.0,466000000.0,14000000.0,1486000000.0,12378000000.0,12508000000.0,9713000000.0,6057000000.0,20605000000.0,400000000.0,2658000000.0,5271900000.0,5278100000.0,5323400000.0
Wells Fargo & Co,WFC,PBLD0EJDB5FWOLXP3B76,72971,2011.0,Q3YTD,2011-01-01,2011-09-30,,1413000000.0,2.11,2.11,0.36,1768000000.0,2.09,5571000000.0,6383000000.0,29202000000.0,3093000000.0,12028000000.0,12028000000.0,11137000000.0,266000000.0,31871000000.0,3928000000.0,2011000000.0,,236000000.0,409000000.0,873000000.0,14182000000.0,15448000000.0,625000000.0,,,5859000000.0,17362000000.0,1494000000.0,66000000.0,5163000000.0,37034000000.0,36885000000.0,28472000000.0,17599000000.0,60343000000.0,1040000000.0,8646000000.0,5258900000.0,5275500000.0,5319200000.0
Wells Fargo & Co,WFC,PBLD0EJDB5FWOLXP3B76,72971,2011.0,Q3TTM,2010-10-01,2011-09-30,,1962000000.0,2.73,2.73,0.41,2430000000.0,2.7,7243000000.0,8757000000.0,39378000000.0,4246000000.0,15521000000.0,15521000000.0,14369000000.0,345000000.0,42934000000.0,5491000000.0,2592000000.0,,301000000.0,533000000.0,-205000000.0,19702000000.0,22233000000.0,807000000.0,,,8848000000.0,23070000000.0,2679000000.0,92000000.0,7069000000.0,50003000000.0,50225000000.0,38903000000.0,22764000000.0,81837000000.0,1335000000.0,11604000000.0,5258900000.0,5275500000.0,5319200000.0
Wells Fargo & Co,WFC,PBLD0EJDB5FWOLXP3B76,72971,2011.0,Q3,2011-07-01,2011-09-30,2012-11-06 13:05:59+00:00,466000000.0,0.73,0.73,0.12,559000000.0,0.72,1998000000.0,2053000000.0,9626000000.0,980000000.0,4142000000.0,4142000000.0,3839000000.0,87000000.0,10542000000.0,1267000000.0,202000000.0,,77000000.0,156000000.0,284000000.0,4138000000.0,5391000000.0,216000000.0,,,1811000000.0,5806000000.0,423000000.0,20000000.0,1636000000.0,12178000000.0,11677000000.0,9086000000.0,6140000000.0,19628000000.0,343000000.0,2786000000.0,5258900000.0,5275500000.0,5319200000.0
Wells Fargo & Co,WFC,PBLD0EJDB5FWOLXP3B76,72971,2011.0,Q2YTD,2011-01-01,2011-06-30,,947000000.0,1.38,1.38,0.24,1209000000.0,1.37,3573000000.0,4330000000.0,19576000000.0,2113000000.0,7886000000.0,7886000000.0,7298000000.0,179000000.0,21329000000.0,2661000000.0,1809000000.0,,159000000.0,253000000.0,589000000.0,10044000000.0,10057000000.0,409000000.0,,,4048000000.0,11556000000.0,1071000000.0,46000000.0,3527000000.0,24856000000.0,25208000000.0,19386000000.0,11459000000.0,40715000000.0,697000000.0,5860000000.0,5325700000.0,5286500000.0,5331700000.0
Wells Fargo & Co,WFC,PBLD0EJDB5FWOLXP3B76,72971,2011.0,Q2TTM,2010-07-01,2011-06-30,,2044000000.0,2.6,2.6,0.34,2592000000.0,2.58,6996000000.0,9196000000.0,40002000000.0,4492000000.0,14804000000.0,14804000000.0,13680000000.0,344000000.0,43490000000.0,5523000000.0,2877000000.0,,282000000.0,495000000.0,269000000.0,20212000000.0,22412000000.0,780000000.0,,,10482000000.0,23022000000.0,2653000000.0,99000000.0,7465000000.0,50955000000.0,50801000000.0,39593000000.0,21800000000.0,83083000000.0,1262000000.0,11382000000.0,5325700000.0,5286500000.0,5331700000.0
Wells Fargo & Co,WFC,PBLD0EJDB5FWOLXP3B76,72971,2011.0,Q2,2011-04-01,2011-06-30,2012-08-07 08:06:09+00:00,464000000.0,0.7,0.7,0.12,594000000.0,0.7,2001000000.0,2166000000.0,9740000000.0,1009000000.0,4072000000.0,4072000000.0,3728000000.0,124000000.0,10678000000.0,1277000000.0,1010000000.0,,83000000.0,131000000.0,103000000.0,4979000000.0,5083000000.0,220000000.0,,,1838000000.0,5755000000.0,568000000.0,20000000.0,1706000000.0,12384000000.0,12475000000.0,9708000000.0,6073000000.0,20386000000.0,347000000.0,2944000000.0,5325700000.0,5286500000.0,5331700000.0
Wells Fargo & Co,WFC,PBLD0EJDB5FWOLXP3B76,72971,2011.0,Q1,2011-01-01,2011-03-31,2012-05-08 08:05:20+00:00,483000000.0,0.68,0.68,0.12,615000000.0,0.67,1572000000.0,2164000000.0,9836000000.0,1104000000.0,3814000000.0,3814000000.0,3570000000.0,55000000.0,10651000000.0,1384000000.0,799000000.0,,76000000.0,122000000.0,486000000.0,5065000000.0,4974000000.0,189000000.0,,,2210000000.0,5801000000.0,503000000.0,26000000.0,1821000000.0,12472000000.0,12733000000.0,9678000000.0,5386000000.0,20329000000.0,350000000.0,2916000000.0,5250000000.0,5278800000.0,5333100000.0
Wells Fargo & Co,WFC,PBLD0EJDB5FWOLXP3B76,72971,2011.0,Q1TTM,2010-04-01,2011-03-31,,2133000000.0,2.45,2.45,0.27,2712000000.0,2.43,6509000000.0,9415000000.0,40974000000.0,4716000000.0,13877000000.0,13877000000.0,12830000000.0,303000000.0,44261000000.0,5576000000.0,2294000000.0,,254000000.0,473000000.0,495000000.0,20307000000.0,23231000000.0,744000000.0,,,12633000000.0,23056000000.0,2629000000.0,100000000.0,7782000000.0,52043000000.0,51072000000.0,39830000000.0,20386000000.0,84091000000.0,1181000000.0,11181000000.0,5250000000.0,5278800000.0,5333100000.0
Wells Fargo & Co,WFC,PBLD0EJDB5FWOLXP3B76,72971,2012.0,Q4,2012-10-01,2012-12-31,,418000000.0,0.92,0.92,0.22,399000000.0,0.91,1924000000.0,1897000000.0,9443000000.0,735000000.0,5297000000.0,5297000000.0,4857000000.0,207000000.0,10643000000.0,1270000000.0,927000000.0,,56000000.0,178000000.0,170000000.0,3752000000.0,6614000000.0,233000000.0,,1356000000.0,1831000000.0,6100000000.0,395000000.0,24000000.0,1214000000.0,11857000000.0,12896000000.0,11305000000.0,7221000000.0,21948000000.0,339000000.0,3199000000.0,5293800000.0,5287600000.0,5351500000.0
Wells Fargo & Co,WFC,PBLD0EJDB5FWOLXP3B76,72971,2012.0,FY,2012-01-01,2012-12-31,2015-02-25 13:17:09+00:00,1674000000.0,3.4,3.4,0.88,1727000000.0,3.36,9103000000.0,8098000000.0,38348000000.0,3110000000.0,19368000000.0,19368000000.0,17999000000.0,471000000.0,43230000000.0,4925000000.0,3064000000.0,,245000000.0,587000000.0,567000000.0,18250000000.0,25485000000.0,898000000.0,,1356000000.0,7217000000.0,24193000000.0,1850000000.0,79000000.0,5161000000.0,48391000000.0,50398000000.0,42856000000.0,28471000000.0,86086000000.0,1358000000.0,11890000000.0,5293800000.0,5287600000.0,5351500000.0
Wells Fargo & Co,WFC,PBLD0EJDB5FWOLXP3B76,72971,2012.0,Q3YTD,2012-01-01,2012-09-30,,1256000000.0,2.48,2.48,0.66,1328000000.0,2.45,7179000000.0,6201000000.0,28905000000.0,2375000000.0,14071000000.0,14071000000.0,13142000000.0,264000000.0,32587000000.0,3655000000.0,2137000000.0,,189000000.0,409000000.0,397000000.0,14498000000.0,18871000000.0,665000000.0,,,5386000000.0,18093000000.0,1455000000.0,55000000.0,3947000000.0,36534000000.0,37502000000.0,31551000000.0,21250000000.0,64138000000.0,1019000000.0,8691000000.0,5300000000.0,5288100000.0,5355600000.0
Wells Fargo & Co,WFC,PBLD0EJDB5FWOLXP3B76,72971,2012.0,Q3TTM,2011-10-01,2012-09-30,,1723000000.0,3.22,3.22,0.78,1835000000.0,3.18,9053000000.0,8293000000.0,38652000000.0,3260000000.0,18254000000.0,18254000000.0,17030000000.0,340000000.0,43479000000.0,5021000000.0,2676000000.0,,269000000.0,548000000.0,48000000.0,19216000000.0,25270000000.0,884000000.0,,,7426000000.0,24050000000.0,1921000000.0,69000000.0,5433000000.0,48912000000.0,50010000000.0,41264000000.0,27307000000.0,84743000000.0,1419000000.0,11349000000.0,5300000000.0,5288100000.0,5355600000.0
Wells Fargo & Co,WFC,PBLD0EJDB5FWOLXP3B76,72971,2012.0,Q3,2012-07-01,2012-09-30,2013-11-06 10:10:43+00:00,419000000.0,0.89,0.89,0.22,428000000.0,0.88,2480000000.0,1966000000.0,9509000000.0,756000000.0,5030000000.0,5030000000.0,4717000000.0,93000000.0,10662000000.0,1237000000.0,696000000.0,,60000000.0,151000000.0,218000000.0,4440000000.0,6269000000.0,220000000.0,,,1591000000.0,6016000000.0,414000000.0,19000000.0,1263000000.0,11925000000.0,12112000000.0,10551000000.0,7510000000.0,21213000000.0,299000000.0,2954000000.0,5300000000.0,5288100000.0,5355600000.0
Wells Fargo & Co,WFC,PBLD0EJDB5FWOLXP3B76,72971,2012.0,Q2YTD,2012-01-01,2012-06-30,,837000000.0,1.59,1.59,0.44,900000000.0,1.57,4699000000.0,4235000000.0,19396000000.0,1619000000.0,9041000000.0,9041000000.0,8425000000.0,171000000.0,21925000000.0,2418000000.0,1441000000.0,,129000000.0,258000000.0,179000000.0,10058000000.0,12602000000.0,445000000.0,,,3795000000.0,12077000000.0,1041000000.0,36000000.0,2684000000.0,24609000000.0,25390000000.0,21000000000.0,13740000000.0,42925000000.0,720000000.0,5737000000.0,5304800000.0,5306900000.0,5369900000.0
Wells Fargo & Co,WFC,PBLD0EJDB5FWOLXP3B76,72971,2012.0,Q2TTM,2011-07-01,2012-06-30,,1770000000.0,3.06,3.06,0.68,1966000000.0,3.02,8571000000.0,8380000000.0,38769000000.0,3484000000.0,17366000000.0,17366000000.0,16152000000.0,334000000.0,43359000000.0,5051000000.0,2182000000.0,,286000000.0,553000000.0,114000000.0,18914000000.0,24392000000.0,880000000.0,,,7646000000.0,23840000000.0,1930000000.0,70000000.0,5806000000.0,49165000000.0,49575000000.0,39799000000.0,25937000000.0,83158000000.0,1463000000.0,11181000000.0,5304800000.0,5306900000.0,5369900000.0
Wells Fargo & Co,WFC,PBLD0EJDB5FWOLXP3B76,72971,2012.0,Q2,2012-04-01,2012-06-30,2013-08-07 10:03:30+00:00,418000000.0,0.83,0.83,0.22,443000000.0,0.82,2371000000.0,2147000000.0,9731000000.0,789000000.0,4721000000.0,4721000000.0,4403000000.0,99000000.0,11037000000.0,1157000000.0,444000000.0,,65000000.0,133000000.0,120000000.0,4763000000.0,6268000000.0,219000000.0,,,1800000000.0,6059000000.0,522000000.0,20000000.0,1317000000.0,12354000000.0,12397000000.0,10252000000.0,7092000000.0,21289000000.0,343000000.0,2898000000.0,5304800000.0,5306900000.0,5369900000.0
Wells Fargo & Co,WFC,PBLD0EJDB5FWOLXP3B76,72971,2012.0,Q1TTM,2011-04-01,2012-03-31,,1816000000.0,2.93,2.93,0.58,2117000000.0,2.9,8201000000.0,8399000000.0,38778000000.0,3704000000.0,16717000000.0,16717000000.0,15477000000.0,359000000.0,43000000000.0,5171000000.0,2748000000.0,,304000000.0,551000000.0,97000000.0,19130000000.0,23207000000.0,881000000.0,,,7684000000.0,23536000000.0,1976000000.0,70000000.0,6195000000.0,49195000000.0,49653000000.0,39255000000.0,24918000000.0,82255000000.0,1467000000.0,11227000000.0,5292100000.0,5282600000.0,5337800000.0
Wells Fargo & Co,WFC,PBLD0EJDB5FWOLXP3B76,72971,2012.0,Q1,2012-01-01,2012-03-31,2013-05-08 10:03:22+00:00,419000000.0,0.76,0.76,0.22,457000000.0,0.75,2328000000.0,2088000000.0,9665000000.0,830000000.0,4320000000.0,4320000000.0,4022000000.0,72000000.0,10888000000.0,1261000000.0,997000000.0,,64000000.0,125000000.0,59000000.0,5295000000.0,6334000000.0,226000000.0,,,1995000000.0,6018000000.0,519000000.0,16000000.0,1367000000.0,12255000000.0,12993000000.0,10748000000.0,6648000000.0,21636000000.0,377000000.0,2839000000.0,5292100000.0,5282600000.0,5337800000.0
Wells Fargo & Co,WFC,PBLD0EJDB5FWOLXP3B76,72971,2013.0,FY,2013-01-01,2013-12-31,2016-02-24 12:12:43+00:00,1504000000.0,3.95,3.95,1.15,1337000000.0,3.89,10405000000.0,8116000000.0,36874000000.0,2585000000.0,22224000000.0,22224000000.0,20889000000.0,346000000.0,42800000000.0,4879000000.0,3066000000.0,,307000000.0,723000000.0,663000000.0,16395000000.0,22007000000.0,989000000.0,,961000000.0,2309000000.0,25103000000.0,1814000000.0,60000000.0,4289000000.0,47089000000.0,48842000000.0,40980000000.0,32629000000.0,83780000000.0,1376000000.0,13430000000.0,5288400000.0,5287300000.0,5371200000.0
Wells Fargo & Co,WFC,PBLD0EJDB5FWOLXP3B76,72971,2013.0,Q4,2013-10-01,2013-12-31,,375000000.0,1.02,1.02,0.3,297000000.0,1.0,2504000000.0,2119000000.0,9131000000.0,635000000.0,5713000000.0,5713000000.0,5369000000.0,103000000.0,10803000000.0,1299000000.0,965000000.0,,87000000.0,208000000.0,156000000.0,4057000000.0,4830000000.0,241000000.0,,196000000.0,363000000.0,6158000000.0,453000000.0,14000000.0,1033000000.0,11836000000.0,12085000000.0,9862000000.0,8217000000.0,20665000000.0,378000000.0,3458000000.0,5288400000.0,5287300000.0,5371200000.0
Wells Fargo & Co,WFC,PBLD0EJDB5FWOLXP3B76,72971,2013.0,Q3YTD,2013-01-01,2013-09-30,,1129000000.0,2.93,2.93,0.85,1040000000.0,2.89,7901000000.0,5997000000.0,27743000000.0,1950000000.0,16511000000.0,16511000000.0,15520000000.0,243000000.0,31997000000.0,3580000000.0,2101000000.0,,220000000.0,515000000.0,507000000.0,12338000000.0,17177000000.0,748000000.0,,765000000.0,1946000000.0,18945000000.0,1361000000.0,46000000.0,3256000000.0,35253000000.0,36757000000.0,31118000000.0,24412000000.0,63115000000.0,998000000.0,9972000000.0,5317000000.0,5295300000.0,5381700000.0
Wells Fargo & Co,WFC,PBLD0EJDB5FWOLXP3B76,72971,2013.0,Q3TTM,2012-10-01,2013-09-30,,1547000000.0,3.85,3.85,1.07,1439000000.0,3.8,9825000000.0,7894000000.0,37186000000.0,2685000000.0,21808000000.0,21808000000.0,20377000000.0,450000000.0,42640000000.0,4850000000.0,3028000000.0,,276000000.0,693000000.0,677000000.0,16090000000.0,23791000000.0,981000000.0,,2121000000.0,3777000000.0,25045000000.0,1756000000.0,70000000.0,4470000000.0,47110000000.0,49653000000.0,42423000000.0,31633000000.0,85063000000.0,1337000000.0,13171000000.0,5317000000.0,5295300000.0,5381700000.0
Wells Fargo & Co,WFC,PBLD0EJDB5FWOLXP3B76,72971,2013.0,Q3,2013-07-01,2013-09-30,2014-11-05 12:33:38+00:00,375000000.0,1.0,1.0,0.3,318000000.0,0.99,2618000000.0,2038000000.0,9224000000.0,621000000.0,5683000000.0,5683000000.0,5317000000.0,105000000.0,10748000000.0,1199000000.0,893000000.0,,80000000.0,183000000.0,160000000.0,4003000000.0,4988000000.0,261000000.0,,214000000.0,75000000.0,6311000000.0,413000000.0,9000000.0,1028000000.0,11776000000.0,12102000000.0,9730000000.0,8301000000.0,20478000000.0,331000000.0,3276000000.0,5317000000.0,5295300000.0,5381700000.0
Wells Fargo & Co,WFC,PBLD0EJDB5FWOLXP3B76,72971,2013.0,Q2,2013-04-01,2013-06-30,2014-08-06 12:33:49+00:00,377000000.0,1.0,1.0,0.3,353000000.0,0.98,2863000000.0,2034000000.0,9284000000.0,632000000.0,5608000000.0,5608000000.0,5272000000.0,89000000.0,10750000000.0,1134000000.0,480000000.0,,75000000.0,169000000.0,217000000.0,4091000000.0,5952000000.0,247000000.0,,259000000.0,652000000.0,6394000000.0,485000000.0,17000000.0,1077000000.0,11827000000.0,12255000000.0,10628000000.0,8471000000.0,21378000000.0,340000000.0,3494000000.0,5272000000.0,5304700000.0,5384600000.0
Wells Fargo & Co,WFC,PBLD0EJDB5FWOLXP3B76,72971,2013.0,Q2YTD,2013-01-01,2013-06-30,,754000000.0,1.93,1.93,0.55,722000000.0,1.9,5283000000.0,3959000000.0,18519000000.0,1329000000.0,10828000000.0,10828000000.0,10203000000.0,138000000.0,21249000000.0,2381000000.0,1208000000.0,,140000000.0,332000000.0,347000000.0,8335000000.0,12189000000.0,487000000.0,,551000000.0,1871000000.0,12634000000.0,948000000.0,37000000.0,2228000000.0,23477000000.0,24655000000.0,21388000000.0,16111000000.0,42637000000.0,667000000.0,6696000000.0,5272000000.0,5304700000.0,5384600000.0
Wells Fargo & Co,WFC,PBLD0EJDB5FWOLXP3B76,72971,2013.0,Q2TTM,2012-07-01,2013-06-30,,1591000000.0,3.74,3.74,0.99,1549000000.0,3.69,9687000000.0,7822000000.0,37471000000.0,2820000000.0,21155000000.0,21155000000.0,19777000000.0,438000000.0,42554000000.0,4888000000.0,2831000000.0,,256000000.0,661000000.0,735000000.0,16527000000.0,25072000000.0,940000000.0,,1907000000.0,5293000000.0,24750000000.0,1757000000.0,80000000.0,4705000000.0,47259000000.0,49663000000.0,43244000000.0,30842000000.0,85798000000.0,1305000000.0,12849000000.0,5272000000.0,5304700000.0,5384600000.0
Wells Fargo & Co,WFC,PBLD0EJDB5FWOLXP3B76,72971,2013.0,Q1TTM,2012-04-01,2013-03-31,,1632000000.0,3.57,3.57,0.91,1639000000.0,3.53,9195000000.0,7935000000.0,37918000000.0,2977000000.0,20268000000.0,20268000000.0,18908000000.0,448000000.0,42841000000.0,4911000000.0,2795000000.0,,246000000.0,625000000.0,638000000.0,17199000000.0,25388000000.0,912000000.0,,1648000000.0,6441000000.0,24415000000.0,1794000000.0,83000000.0,4945000000.0,47786000000.0,49805000000.0,42868000000.0,29463000000.0,85709000000.0,1308000000.0,12253000000.0,5302200000.0,5279000000.0,5353500000.0
Wells Fargo & Co,WFC,PBLD0EJDB5FWOLXP3B76,72971,2013.0,Q1,2013-01-01,2013-03-31,2014-05-07 11:39:20+00:00,377000000.0,0.93,0.93,0.25,369000000.0,0.92,2420000000.0,1925000000.0,9235000000.0,697000000.0,5220000000.0,5220000000.0,4931000000.0,49000000.0,10499000000.0,1247000000.0,728000000.0,,65000000.0,163000000.0,130000000.0,4244000000.0,6237000000.0,240000000.0,,292000000.0,1219000000.0,6240000000.0,463000000.0,20000000.0,1151000000.0,11650000000.0,12400000000.0,10760000000.0,7640000000.0,21259000000.0,327000000.0,3202000000.0,5302200000.0,5279000000.0,5353500000.0
Wells Fargo & Co,WFC,PBLD0EJDB5FWOLXP3B76,72971,2014.0,FY,2014-01-01,2014-12-31,2017-03-01 13:42:47+00:00,1370000000.0,4.17,4.17,1.35,1096000000.0,4.1,10307000000.0,8438000000.0,36497000000.0,2488000000.0,23608000000.0,23608000000.0,21821000000.0,551000000.0,43527000000.0,4898000000.0,4134000000.0,,382000000.0,932000000.0,1540000000.0,16496000000.0,19211000000.0,1236000000.0,,928000000.0,1395000000.0,25345000000.0,1655000000.0,59000000.0,4025000000.0,47552000000.0,49037000000.0,40820000000.0,33915000000.0,84347000000.0,1685000000.0,14280000000.0,5232900000.0,5237200000.0,5324400000.0
Wells Fargo & Co,WFC,PBLD0EJDB5FWOLXP3B76,72971,2014.0,Q4,2014-10-01,2014-12-31,,338000000.0,1.04,1.04,0.35,269000000.0,1.02,2519000000.0,2150000000.0,9303000000.0,620000000.0,5792000000.0,5792000000.0,5382000000.0,83000000.0,11180000000.0,1311000000.0,737000000.0,,96000000.0,253000000.0,1141000000.0,4247000000.0,4298000000.0,327000000.0,,231000000.0,485000000.0,6520000000.0,382000000.0,18000000.0,1003000000.0,12183000000.0,12647000000.0,10263000000.0,8311000000.0,21443000000.0,477000000.0,3705000000.0,5232900000.0,5237200000.0,5324400000.0
Wells Fargo & Co,WFC,PBLD0EJDB5FWOLXP3B76,72971,2014.0,Q3YTD,2014-01-01,2014-09-30,,1032000000.0,3.13,3.13,1.0,827000000.0,3.08,7788000000.0,6288000000.0,27194000000.0,1868000000.0,17816000000.0,17816000000.0,16439000000.0,468000000.0,32347000000.0,3587000000.0,3397000000.0,,286000000.0,679000000.0,399000000.0,12249000000.0,14913000000.0,909000000.0,,697000000.0,910000000.0,18825000000.0,1273000000.0,41000000.0,3022000000.0,35369000000.0,36390000000.0,30557000000.0,25604000000.0,62904000000.0,1208000000.0,10575000000.0,5200000000.0,5225900000.0,5310400000.0
Wells Fargo & Co,WFC,PBLD0EJDB5FWOLXP3B76,72971,2014.0,Q3TTM,2013-10-01,2014-09-30,,1407000000.0,4.15,4.15,1.3,1124000000.0,4.08,10292000000.0,8407000000.0,36325000000.0,2503000000.0,23529000000.0,23529000000.0,21808000000.0,571000000.0,43150000000.0,4886000000.0,4362000000.0,,373000000.0,887000000.0,555000000.0,16306000000.0,19743000000.0,1150000000.0,,893000000.0,1273000000.0,24983000000.0,1726000000.0,55000000.0,4055000000.0,47205000000.0,48475000000.0,40419000000.0,33821000000.0,83569000000.0,1586000000.0,14033000000.0,5200000000.0,5225900000.0,5310400000.0
Wells Fargo & Co,WFC,PBLD0EJDB5FWOLXP3B76,72971,2014.0,Q3,2014-07-01,2014-09-30,2015-11-04 12:02:49+00:00,342000000.0,1.04,1.04,0.35,273000000.0,1.02,2642000000.0,2066000000.0,9228000000.0,629000000.0,5955000000.0,5955000000.0,5408000000.0,226000000.0,10941000000.0,1188000000.0,1133000000.0,,106000000.0,243000000.0,137000000.0,4048000000.0,5060000000.0,321000000.0,,229000000.0,368000000.0,6441000000.0,388000000.0,15000000.0,1023000000.0,11964000000.0,12248000000.0,10272000000.0,8597000000.0,21213000000.0,427000000.0,3554000000.0,5200000000.0,5225900000.0,5310400000.0
Wells Fargo & Co,WFC,PBLD0EJDB5FWOLXP3B76,72971,2014.0,Q2YTD,2014-01-01,2014-06-30,,690000000.0,2.09,2.09,0.65,554000000.0,2.06,5146000000.0,4222000000.0,17966000000.0,1239000000.0,11861000000.0,11861000000.0,11031000000.0,242000000.0,21406000000.0,2399000000.0,2264000000.0,,180000000.0,436000000.0,262000000.0,8201000000.0,9853000000.0,588000000.0,,468000000.0,542000000.0,12384000000.0,885000000.0,26000000.0,1999000000.0,23405000000.0,24142000000.0,20285000000.0,17007000000.0,41691000000.0,781000000.0,7021000000.0,5317600000.0,5268400000.0,5350800000.0
Wells Fargo & Co,WFC,PBLD0EJDB5FWOLXP3B76,72971,2014.0,Q2TTM,2013-07-01,2014-06-30,,1440000000.0,4.11,4.11,1.25,1169000000.0,4.05,10268000000.0,8379000000.0,36321000000.0,2495000000.0,23257000000.0,23257000000.0,21717000000.0,450000000.0,42957000000.0,4897000000.0,4122000000.0,,347000000.0,827000000.0,578000000.0,16261000000.0,19671000000.0,1090000000.0,,878000000.0,980000000.0,24853000000.0,1751000000.0,49000000.0,4060000000.0,47017000000.0,48329000000.0,39877000000.0,33525000000.0,82834000000.0,1490000000.0,13755000000.0,5317600000.0,5268400000.0,5350800000.0
Wells Fargo & Co,WFC,PBLD0EJDB5FWOLXP3B76,72971,2014.0,Q2,2014-04-01,2014-06-30,2015-08-05 12:07:15+00:00,349000000.0,1.02,1.02,0.35,275000000.0,1.01,2869000000.0,2112000000.0,9048000000.0,620000000.0,5786000000.0,5786000000.0,5424000000.0,60000000.0,10791000000.0,1167000000.0,902000000.0,,93000000.0,226000000.0,129000000.0,4213000000.0,5182000000.0,302000000.0,,225000000.0,217000000.0,6240000000.0,453000000.0,14000000.0,1002000000.0,11793000000.0,12194000000.0,10275000000.0,8655000000.0,21066000000.0,407000000.0,3609000000.0,5317600000.0,5268400000.0,5350800000.0
Wells Fargo & Co,WFC,PBLD0EJDB5FWOLXP3B76,72971,2014.0,Q1TTM,2013-04-01,2014-03-31,,1468000000.0,4.09,4.09,1.2,1247000000.0,4.02,10262000000.0,8301000000.0,36557000000.0,2507000000.0,23079000000.0,23079000000.0,21565000000.0,479000000.0,42916000000.0,4864000000.0,3700000000.0,,329000000.0,770000000.0,666000000.0,16139000000.0,20441000000.0,1035000000.0,,912000000.0,1415000000.0,25007000000.0,1783000000.0,52000000.0,4135000000.0,47051000000.0,48390000000.0,40230000000.0,33341000000.0,83146000000.0,1423000000.0,13640000000.0,5240200000.0,5262800000.0,5353300000.0
Wells Fargo & Co,WFC,PBLD0EJDB5FWOLXP3B76,72971,2014.0,Q1,2014-01-01,2014-03-31,2015-05-06 12:42:05+00:00,341000000.0,1.07,1.07,0.3,279000000.0,1.05,2277000000.0,2110000000.0,8918000000.0,619000000.0,6075000000.0,6075000000.0,5607000000.0,182000000.0,10615000000.0,1232000000.0,1362000000.0,,87000000.0,210000000.0,133000000.0,3988000000.0,4671000000.0,286000000.0,,243000000.0,325000000.0,6144000000.0,432000000.0,12000000.0,997000000.0,11612000000.0,11948000000.0,10010000000.0,8352000000.0,20625000000.0,374000000.0,3412000000.0,5240200000.0,5262800000.0,5353300000.0
Wells Fargo & Co,WFC,PBLD0EJDB5FWOLXP3B76,72971,2015.0,FY,2015-01-01,2015-12-31,2018-03-01 12:38:37+00:00,1246000000.0,4.18,4.18,1.475,963000000.0,4.12,10365000000.0,8937000000.0,37379000000.0,2592000000.0,23276000000.0,23276000000.0,21470000000.0,382000000.0,45301000000.0,4949000000.0,3796000000.0,,357000000.0,990000000.0,1085000000.0,16571000000.0,19713000000.0,1424000000.0,,973000000.0,2442000000.0,26235000000.0,1694000000.0,64000000.0,3976000000.0,49277000000.0,49974000000.0,40756000000.0,33641000000.0,86057000000.0,1971000000.0,14468000000.0,5136400000.0,5136500000.0,5209800000.0
Wells Fargo & Co,WFC,PBLD0EJDB5FWOLXP3B76,72971,2015.0,Q4,2015-10-01,2015-12-31,,311000000.0,1.02,1.02,0.38,241000000.0,1.0,2533000000.0,2323000000.0,9504000000.0,713000000.0,5623000000.0,5623000000.0,5203000000.0,48000000.0,11588000000.0,1365000000.0,868000000.0,,88000000.0,258000000.0,483000000.0,4147000000.0,4709000000.0,372000000.0,,258000000.0,831000000.0,6518000000.0,427000000.0,13000000.0,1055000000.0,12643000000.0,12599000000.0,9998000000.0,8156000000.0,21586000000.0,558000000.0,3511000000.0,5136400000.0,5136500000.0,5209800000.0
Wells Fargo & Co,WFC,PBLD0EJDB5FWOLXP3B76,72971,2015.0,Q3,2015-07-01,2015-09-30,2016-11-03 06:37:42+00:00,311000000.0,1.06,1.06,0.375,232000000.0,1.05,2790000000.0,2289000000.0,9443000000.0,655000000.0,5983000000.0,5983000000.0,5443000000.0,187000000.0,11457000000.0,1187000000.0,1041000000.0,,89000000.0,228000000.0,455000000.0,4017000000.0,4976000000.0,353000000.0,,245000000.0,703000000.0,6639000000.0,376000000.0,12000000.0,988000000.0,12445000000.0,12399000000.0,10418000000.0,8773000000.0,21875000000.0,485000000.0,3570000000.0,5134900000.0,5125800000.0,5193800000.0
Wells Fargo & Co,WFC,PBLD0EJDB5FWOLXP3B76,72971,2015.0,Q3YTD,2015-01-01,2015-09-30,,935000000.0,3.16,3.16,1.1,722000000.0,3.12,7832000000.0,6614000000.0,27875000000.0,1879000000.0,17653000000.0,17653000000.0,16267000000.0,334000000.0,33713000000.0,3584000000.0,2928000000.0,,269000000.0,732000000.0,602000000.0,12424000000.0,15004000000.0,1052000000.0,,715000000.0,1611000000.0,19717000000.0,1267000000.0,51000000.0,2921000000.0,36634000000.0,37375000000.0,30758000000.0,25485000000.0,64471000000.0,1413000000.0,10957000000.0,5134900000.0,5125800000.0,5193800000.0
Wells Fargo & Co,WFC,PBLD0EJDB5FWOLXP3B76,72971,2015.0,Q3TTM,2014-10-01,2015-09-30,,1273000000.0,4.2,4.2,1.45,991000000.0,4.14,10351000000.0,8764000000.0,37178000000.0,2499000000.0,23445000000.0,23445000000.0,21649000000.0,417000000.0,44893000000.0,4895000000.0,3665000000.0,,365000000.0,985000000.0,1743000000.0,16671000000.0,19302000000.0,1379000000.0,,946000000.0,2096000000.0,26237000000.0,1649000000.0,69000000.0,3924000000.0,48817000000.0,50022000000.0,41021000000.0,33796000000.0,85914000000.0,1890000000.0,14662000000.0,5134900000.0,5125800000.0,5193800000.0
Wells Fargo & Co,WFC,PBLD0EJDB5FWOLXP3B76,72971,2015.0,Q2,2015-04-01,2015-06-30,2016-08-03 14:52:43+00:00,312000000.0,1.04,1.04,0.375,232000000.0,1.03,2763000000.0,2181000000.0,9312000000.0,620000000.0,5786000000.0,5786000000.0,5363000000.0,67000000.0,11270000000.0,1180000000.0,831000000.0,,83000000.0,250000000.0,15000000.0,4213000000.0,5031000000.0,356000000.0,,222000000.0,300000000.0,6542000000.0,461000000.0,21000000.0,956000000.0,12226000000.0,12469000000.0,10048000000.0,8549000000.0,21318000000.0,483000000.0,3710000000.0,5156700000.0,5151900000.0,5220500000.0
Wells Fargo & Co,WFC,PBLD0EJDB5FWOLXP3B76,72971,2015.0,Q2YTD,2015-01-01,2015-06-30,,624000000.0,2.1,2.1,0.73,490000000.0,2.07,5042000000.0,4325000000.0,18432000000.0,1224000000.0,11670000000.0,11670000000.0,10824000000.0,147000000.0,22256000000.0,2397000000.0,1887000000.0,,180000000.0,504000000.0,147000000.0,8407000000.0,10028000000.0,699000000.0,,470000000.0,908000000.0,13078000000.0,891000000.0,39000000.0,1933000000.0,24189000000.0,24976000000.0,20340000000.0,16712000000.0,42596000000.0,928000000.0,7387000000.0,5156700000.0,5151900000.0,5220500000.0
Wells Fargo & Co,WFC,PBLD0EJDB5FWOLXP3B76,72971,2015.0,Q2TTM,2014-07-01,2015-06-30,,1304000000.0,4.18,4.18,1.43,1032000000.0,4.11,10203000000.0,8541000000.0,36963000000.0,2473000000.0,23417000000.0,23417000000.0,21614000000.0,456000000.0,44377000000.0,4896000000.0,3757000000.0,,382000000.0,1000000000.0,1425000000.0,16702000000.0,19386000000.0,1347000000.0,,930000000.0,1761000000.0,26039000000.0,1661000000.0,72000000.0,3959000000.0,48336000000.0,49871000000.0,40875000000.0,33620000000.0,85252000000.0,1832000000.0,14646000000.0,5156700000.0,5151900000.0,5220500000.0
Wells Fargo & Co,WFC,PBLD0EJDB5FWOLXP3B76,72971,2015.0,Q1,2015-01-01,2015-03-31,2016-05-04 12:20:33+00:00,312000000.0,1.06,1.06,0.35,258000000.0,1.04,2279000000.0,2144000000.0,9120000000.0,604000000.0,5884000000.0,5884000000.0,5461000000.0,80000000.0,10986000000.0,1217000000.0,1056000000.0,,97000000.0,254000000.0,132000000.0,4194000000.0,4997000000.0,343000000.0,,248000000.0,608000000.0,6536000000.0,430000000.0,18000000.0,977000000.0,11963000000.0,12507000000.0,10292000000.0,8163000000.0,21278000000.0,445000000.0,3677000000.0,5151900000.0,5160400000.0,5243600000.0
Wells Fargo & Co,WFC,PBLD0EJDB5FWOLXP3B76,72971,2015.0,Q1TTM,2014-04-01,2015-03-31,,1341000000.0,4.16,4.16,1.4,1075000000.0,4.09,10309000000.0,8472000000.0,36699000000.0,2473000000.0,23417000000.0,23417000000.0,21675000000.0,449000000.0,43898000000.0,4883000000.0,3828000000.0,,392000000.0,976000000.0,1539000000.0,16702000000.0,19537000000.0,1293000000.0,,933000000.0,1678000000.0,25737000000.0,1653000000.0,65000000.0,4005000000.0,47903000000.0,49596000000.0,41102000000.0,33726000000.0,85000000000.0,1756000000.0,14545000000.0,5151900000.0,5160400000.0,5243600000.0
Wells Fargo & Co,WFC,PBLD0EJDB5FWOLXP3B76,72971,2016.0,FY,2016-01-01,2016-12-31,2019-02-27 15:23:51+00:00,1192000000.0,4.03,4.03,1.515,1395000000.0,3.99,10075000000.0,11879000000.0,40327000000.0,3830000000.0,22045000000.0,22045000000.0,20373000000.0,107000000.0,47754000000.0,5009000000.0,2655000000.0,,354000000.0,1457000000.0,5654000000.0,18209000000.0,16693000000.0,1565000000.0,,1168000000.0,3770000000.0,26799000000.0,1268000000.0,330000000.0,5909000000.0,53663000000.0,52377000000.0,40513000000.0,32120000000.0,88267000000.0,,14243000000.0,5055300000.0,5052800000.0,5108300000.0
Wells Fargo & Co,WFC,PBLD0EJDB5FWOLXP3B76,72971,2016.0,Q4,2016-10-01,2016-12-31,,301000000.0,0.97,0.97,-1.14,400000000.0,0.96,2258000000.0,5143000000.0,10394000000.0,1061000000.0,5304000000.0,5304000000.0,4872000000.0,30000000.0,12402000000.0,1352000000.0,342000000.0,,94000000.0,282000000.0,2579000000.0,4538000000.0,2299000000.0,402000000.0,,353000000.0,805000000.0,6671000000.0,262000000.0,101000000.0,1656000000.0,14058000000.0,13215000000.0,9180000000.0,7562000000.0,21582000000.0,-1761000000.0,3698000000.0,5055300000.0,5052800000.0,5108300000.0
Wells Fargo & Co,WFC,PBLD0EJDB5FWOLXP3B76,72971,2016.0,Q3,2016-07-01,2016-09-30,2017-11-03 12:29:26+00:00,299000000.0,1.04,1.04,0.38,356000000.0,1.03,2601000000.0,2298000000.0,10187000000.0,1006000000.0,5654000000.0,5654000000.0,5243000000.0,10000000.0,11952000000.0,1209000000.0,661000000.0,,88000000.0,409000000.0,849000000.0,4706000000.0,4960000000.0,401000000.0,,310000000.0,805000000.0,6744000000.0,293000000.0,85000000.0,1535000000.0,13487000000.0,13268000000.0,10376000000.0,8255000000.0,22328000000.0,593000000.0,3613000000.0,5041300000.0,5043400000.0,5094600000.0
Wells Fargo & Co,WFC,PBLD0EJDB5FWOLXP3B76,72971,2016.0,Q3YTD,2016-01-01,2016-09-30,,891000000.0,3.06,3.06,1.14,995000000.0,3.03,7817000000.0,6736000000.0,29933000000.0,2769000000.0,16741000000.0,16741000000.0,15501000000.0,77000000.0,35352000000.0,3657000000.0,2313000000.0,,260000000.0,1175000000.0,3075000000.0,13671000000.0,14394000000.0,1163000000.0,,815000000.0,2965000000.0,20128000000.0,1006000000.0,229000000.0,4253000000.0,39605000000.0,39162000000.0,31333000000.0,24558000000.0,66685000000.0,1761000000.0,10545000000.0,5041300000.0,5043400000.0,5094600000.0
Wells Fargo & Co,WFC,PBLD0EJDB5FWOLXP3B76,72971,2016.0,Q3TTM,2015-10-01,2016-09-30,,1202000000.0,4.08,4.08,1.51,1236000000.0,4.03,10350000000.0,9059000000.0,39437000000.0,3482000000.0,22364000000.0,22364000000.0,20704000000.0,125000000.0,46940000000.0,5022000000.0,3181000000.0,,348000000.0,1433000000.0,3558000000.0,17818000000.0,19103000000.0,1535000000.0,,1073000000.0,3796000000.0,26646000000.0,1433000000.0,242000000.0,5308000000.0,52248000000.0,51761000000.0,41331000000.0,32714000000.0,88271000000.0,2319000000.0,14056000000.0,5041300000.0,5043400000.0,5094600000.0
Wells Fargo & Co,WFC,PBLD0EJDB5FWOLXP3B76,72971,2016.0,Q2,2016-04-01,2016-06-30,2017-08-04 13:52:15+00:00,299000000.0,1.02,1.02,0.38,332000000.0,1.01,2649000000.0,2176000000.0,10006000000.0,921000000.0,5573000000.0,5573000000.0,5173000000.0,15000000.0,11733000000.0,1209000000.0,964000000.0,,83000000.0,392000000.0,979000000.0,4400000000.0,4653000000.0,385000000.0,,255000000.0,1074000000.0,6703000000.0,286000000.0,77000000.0,1413000000.0,13146000000.0,12866000000.0,10429000000.0,8222000000.0,22162000000.0,572000000.0,3547000000.0,5071600000.0,5066900000.0,5118100000.0
Wells Fargo & Co,WFC,PBLD0EJDB5FWOLXP3B76,72971,2016.0,Q2YTD,2016-01-01,2016-06-30,,592000000.0,2.02,2.02,0.76,639000000.0,2.0,5216000000.0,4438000000.0,19746000000.0,1763000000.0,11087000000.0,11087000000.0,10258000000.0,67000000.0,23400000000.0,2448000000.0,1652000000.0,,172000000.0,766000000.0,2226000000.0,8965000000.0,9434000000.0,762000000.0,,505000000.0,2160000000.0,13384000000.0,713000000.0,144000000.0,2718000000.0,26118000000.0,25894000000.0,20957000000.0,16303000000.0,44357000000.0,1168000000.0,6932000000.0,5071600000.0,5066900000.0,5118100000.0
Wells Fargo & Co,WFC,PBLD0EJDB5FWOLXP3B76,72971,2016.0,Q2TTM,2015-07-01,2016-06-30,,1214000000.0,4.1,4.1,1.51,1112000000.0,4.05,10539000000.0,9050000000.0,38693000000.0,3131000000.0,22693000000.0,22693000000.0,20904000000.0,302000000.0,46445000000.0,5000000000.0,3561000000.0,,349000000.0,1252000000.0,3164000000.0,17129000000.0,19119000000.0,1487000000.0,,1008000000.0,3694000000.0,26541000000.0,1516000000.0,169000000.0,4761000000.0,51206000000.0,50892000000.0,41373000000.0,33232000000.0,87818000000.0,2211000000.0,14013000000.0,5071600000.0,5066900000.0,5118100000.0
Wells Fargo & Co,WFC,PBLD0EJDB5FWOLXP3B76,72971,2016.0,Q1,2016-01-01,2016-03-31,2017-05-05 15:06:54+00:00,293000000.0,1.0,1.0,0.375,307000000.0,0.99,2567000000.0,2262000000.0,9740000000.0,842000000.0,5514000000.0,5514000000.0,5085000000.0,52000000.0,11667000000.0,1239000000.0,688000000.0,,89000000.0,374000000.0,1247000000.0,4565000000.0,4781000000.0,377000000.0,,250000000.0,1086000000.0,6681000000.0,427000000.0,67000000.0,1305000000.0,12972000000.0,13028000000.0,10528000000.0,8081000000.0,22195000000.0,596000000.0,3385000000.0,5085000000.0,5075700000.0,5139400000.0
Wells Fargo & Co,WFC,PBLD0EJDB5FWOLXP3B76,72971,2016.0,Q1TTM,2015-04-01,2016-03-31,,1227000000.0,4.12,4.12,1.5,1012000000.0,4.07,10653000000.0,9055000000.0,37999000000.0,2830000000.0,22906000000.0,22906000000.0,21094000000.0,354000000.0,45982000000.0,4971000000.0,3428000000.0,,349000000.0,1110000000.0,2200000000.0,16942000000.0,19497000000.0,1458000000.0,,975000000.0,2920000000.0,26380000000.0,1691000000.0,113000000.0,4304000000.0,50286000000.0,50495000000.0,40992000000.0,33559000000.0,86974000000.0,2122000000.0,14176000000.0,5085000000.0,5075700000.0,5139400000.0
Wells Fargo & Co,WFC,PBLD0EJDB5FWOLXP3B76,72971,2017.0,FY,2017-01-01,2017-12-31,2020-02-26 21:51:08+00:00,1152000000.0,4.14,4.14,1.54,3013000000.0,4.1,4917000000.0,13745000000.0,42224000000.0,5157000000.0,22460000000.0,22460000000.0,20554000000.0,277000000.0,49557000000.0,5086000000.0,2800000000.0,,424000000.0,2940000000.0,5464000000.0,23154000000.0,15024000000.0,1629000000.0,,1287000000.0,2528000000.0,27805000000.0,1049000000.0,758000000.0,9352000000.0,58909000000.0,58484000000.0,38832000000.0,27377000000.0,88389000000.0,,14495000000.0,4964700000.0,4964600000.0,5017300000.0
Wells Fargo & Co,WFC,PBLD0EJDB5FWOLXP3B76,72971,2017.0,Q2,2017-04-01,2017-06-30,2018-08-03 16:08:47+00:00,287000000.0,1.09,1.09,0.38,677000000.0,1.08,2245000000.0,3425000000.0,10562000000.0,1275000000.0,5894000000.0,5894000000.0,5450000000.0,38000000.0,12471000000.0,1235000000.0,545000000.0,,108000000.0,707000000.0,965000000.0,4849000000.0,4345000000.0,406000000.0,,328000000.0,555000000.0,6842000000.0,280000000.0,163000000.0,2223000000.0,14694000000.0,13541000000.0,9764000000.0,8139000000.0,22235000000.0,,3629000000.0,5000000000.0,4989900000.0,5037700000.0
Wells Fargo & Co,WFC,PBLD0EJDB5FWOLXP3B76,72971,2017.0,Q2YTD,2017-01-01,2017-06-30,,576000000.0,2.14,2.14,0.76,1213000000.0,2.11,4378000000.0,6773000000.0,20895000000.0,2422000000.0,11619000000.0,11619000000.0,10683000000.0,129000000.0,24795000000.0,2524000000.0,1423000000.0,,200000000.0,1239000000.0,1820000000.0,9744000000.0,8696000000.0,807000000.0,,661000000.0,1160000000.0,13828000000.0,557000000.0,277000000.0,4112000000.0,28907000000.0,27333000000.0,19695000000.0,15997000000.0,44490000000.0,,7199000000.0,5000000000.0,4989900000.0,5037700000.0
Wells Fargo & Co,WFC,PBLD0EJDB5FWOLXP3B76,72971,2017.0,Q2TTM,2016-07-01,2017-06-30,,1176000000.0,4.15,4.15,0.01,1969000000.0,4.1,9237000000.0,14214000000.0,41476000000.0,4489000000.0,22577000000.0,22577000000.0,20798000000.0,169000000.0,49149000000.0,5085000000.0,2426000000.0,,382000000.0,1930000000.0,5248000000.0,18988000000.0,15955000000.0,1610000000.0,,1324000000.0,2770000000.0,27243000000.0,1112000000.0,463000000.0,7303000000.0,56452000000.0,53816000000.0,39251000000.0,31814000000.0,88400000000.0,-1168000000.0,14510000000.0,5000000000.0,4989900000.0,5037700000.0
Wells Fargo & Co,WFC,PBLD0EJDB5FWOLXP3B76,72971,2017.0,Q1,2017-01-01,2017-03-31,2018-05-04 16:02:28+00:00,289000000.0,1.05,1.05,0.38,536000000.0,1.03,2133000000.0,3348000000.0,10333000000.0,1147000000.0,5725000000.0,5725000000.0,5233000000.0,91000000.0,12324000000.0,1289000000.0,878000000.0,,92000000.0,532000000.0,855000000.0,4895000000.0,4351000000.0,401000000.0,,333000000.0,605000000.0,6986000000.0,277000000.0,114000000.0,1889000000.0,14213000000.0,13792000000.0,9931000000.0,7858000000.0,22255000000.0,,3570000000.0,4983800000.0,5008600000.0,5070400000.0
Wells Fargo & Co,WFC,PBLD0EJDB5FWOLXP3B76,72971,2017.0,Q1TTM,2016-04-01,2017-03-31,,1188000000.0,4.08,4.08,0.01,1624000000.0,4.03,9641000000.0,12965000000.0,40920000000.0,4135000000.0,22256000000.0,22256000000.0,20521000000.0,146000000.0,48411000000.0,5059000000.0,2845000000.0,,357000000.0,1615000000.0,5262000000.0,18539000000.0,16263000000.0,1589000000.0,,1251000000.0,3289000000.0,27104000000.0,1118000000.0,377000000.0,6493000000.0,54904000000.0,53141000000.0,39916000000.0,31897000000.0,88327000000.0,-596000000.0,14428000000.0,4983800000.0,5008600000.0,5070400000.0
Wells Fargo & Co,WFC,PBLD0EJDB5FWOLXP3B76,72971,2018.0,FY,2018-01-01,2018-12-31,2020-02-26 21:51:08+00:00,1058000000.0,4.31,4.31,1.64,5622000000.0,4.28,5662000000.0,15398000000.0,44891000000.0,6703000000.0,22876000000.0,22876000000.0,20689000000.0,483000000.0,49995000000.0,5332000000.0,2225000000.0,,610000000.0,4358000000.0,5137000000.0,20528000000.0,14113000000.0,1704000000.0,,1110000000.0,1744000000.0,28098000000.0,429000000.0,1717000000.0,14652000000.0,64647000000.0,56126000000.0,36413000000.0,28538000000.0,86408000000.0,,14509000000.0,4800200000.0,4799700000.0,4838400000.0
Wells Fargo & Co,WFC,PBLD0EJDB5FWOLXP3B76,72971,2018.0,Q4,2018-10-01,2018-12-31,,264000000.0,1.22,1.22,,1765000000.0,1.21,966000000.0,4063000000.0,11590000000.0,1802000000.0,6154000000.0,6154000000.0,5711000000.0,90000000.0,12644000000.0,1378000000.0,40000000.0,,164000000.0,1268000000.0,2551000000.0,4572000000.0,-1559000000.0,353000000.0,,153000000.0,521000000.0,6972000000.0,109000000.0,546000000.0,4277000000.0,16921000000.0,13339000000.0,8336000000.0,7120000000.0,20980000000.0,,7195000000.0,4800200000.0,4799700000.0,4838400000.0
Wells Fargo & Co,WFC,PBLD0EJDB5FWOLXP3B76,72971,2018.0,Q3,2018-07-01,2018-09-30,2019-11-01 15:42:55+00:00,264000000.0,1.14,1.14,,1499000000.0,1.13,1512000000.0,3875000000.0,11361000000.0,1667000000.0,6086000000.0,6086000000.0,5453000000.0,79000000.0,12572000000.0,1352000000.0,631000000.0,,164000000.0,1128000000.0,1086000000.0,4923000000.0,3917000000.0,554000000.0,,336000000.0,580000000.0,6888000000.0,104000000.0,462000000.0,3792000000.0,16364000000.0,13763000000.0,9369000000.0,7598000000.0,21941000000.0,,3631000000.0,4783300000.0,4784000000.0,4823200000.0
Wells Fargo & Co,WFC,PBLD0EJDB5FWOLXP3B76,72971,2018.0,Q3YTD,2018-01-01,2018-09-30,,794000000.0,3.09,3.09,,3857000000.0,3.07,4696000000.0,11335000000.0,33301000000.0,4901000000.0,16722000000.0,16722000000.0,14978000000.0,393000000.0,37351000000.0,3954000000.0,2185000000.0,,446000000.0,3090000000.0,2586000000.0,15956000000.0,15672000000.0,1351000000.0,,957000000.0,1223000000.0,21126000000.0,320000000.0,1171000000.0,10375000000.0,47726000000.0,42787000000.0,28077000000.0,21418000000.0,65428000000.0,,7314000000.0,4783300000.0,4784000000.0,4823200000.0
Wells Fargo & Co,WFC,PBLD0EJDB5FWOLXP3B76,72971,2018.0,Q2,2018-04-01,2018-06-30,2019-08-02 15:55:09+00:00,265000000.0,0.98,0.98,,1268000000.0,0.98,1810000000.0,3815000000.0,11158000000.0,1658000000.0,5309000000.0,5309000000.0,4792000000.0,123000000.0,12541000000.0,1272000000.0,527000000.0,,150000000.0,1042000000.0,443000000.0,5041000000.0,7940000000.0,394000000.0,,297000000.0,452000000.0,7107000000.0,102000000.0,398000000.0,3474000000.0,16015000000.0,13982000000.0,9012000000.0,7119000000.0,21553000000.0,,,4889800000.0,4865800000.0,4899800000.0
Wells Fargo & Co,WFC,PBLD0EJDB5FWOLXP3B76,72971,2018.0,Q2YTD,2018-01-01,2018-06-30,,530000000.0,1.95,1.95,,2358000000.0,1.94,3184000000.0,7460000000.0,21940000000.0,3234000000.0,10636000000.0,10636000000.0,9525000000.0,314000000.0,24779000000.0,2602000000.0,1554000000.0,,282000000.0,1962000000.0,1500000000.0,11033000000.0,11755000000.0,797000000.0,,621000000.0,643000000.0,14238000000.0,216000000.0,709000000.0,6583000000.0,31362000000.0,29024000000.0,18708000000.0,13820000000.0,43487000000.0,,3683000000.0,4889800000.0,4865800000.0,4899800000.0
Wells Fargo & Co,WFC,PBLD0EJDB5FWOLXP3B76,72971,2018.0,Q2TTM,2017-07-01,2018-06-30,,1106000000.0,3.95,3.95,-0.76,4158000000.0,3.93,3723000000.0,14432000000.0,43269000000.0,5969000000.0,21477000000.0,21477000000.0,19396000000.0,462000000.0,49541000000.0,5164000000.0,2931000000.0,,506000000.0,3663000000.0,5144000000.0,24443000000.0,18083000000.0,1619000000.0,,1247000000.0,2011000000.0,28215000000.0,708000000.0,1190000000.0,11823000000.0,61364000000.0,60175000000.0,37845000000.0,25200000000.0,87386000000.0,,10979000000.0,4889800000.0,4865800000.0,4899800000.0
Wells Fargo & Co,WFC,PBLD0EJDB5FWOLXP3B76,72971,2018.0,Q1,2018-01-01,2018-03-31,2019-05-03 13:02:25+00:00,265000000.0,0.97,0.97,0.39,1090000000.0,0.96,1374000000.0,3645000000.0,10782000000.0,1576000000.0,5327000000.0,5327000000.0,4733000000.0,191000000.0,12238000000.0,1330000000.0,1027000000.0,,132000000.0,920000000.0,1057000000.0,5992000000.0,3815000000.0,403000000.0,,324000000.0,191000000.0,7131000000.0,114000000.0,311000000.0,3109000000.0,15347000000.0,15042000000.0,9696000000.0,6701000000.0,21934000000.0,,3683000000.0,4879400000.0,4885700000.0,4930700000.0
Wells Fargo & Co,WFC,PBLD0EJDB5FWOLXP3B76,72971,2018.0,Q1TTM,2017-04-01,2018-03-31,,1128000000.0,4.06,4.06,-0.38,3567000000.0,4.03,4158000000.0,14042000000.0,42673000000.0,5586000000.0,22062000000.0,22062000000.0,20054000000.0,377000000.0,49471000000.0,5127000000.0,2949000000.0,,464000000.0,3328000000.0,5666000000.0,24251000000.0,14488000000.0,1631000000.0,,1278000000.0,2114000000.0,27950000000.0,886000000.0,955000000.0,10572000000.0,60043000000.0,59734000000.0,38597000000.0,26220000000.0,88068000000.0,,14608000000.0,4879400000.0,4885700000.0,4930700000.0
Wells Fargo & Co,WFC,PBLD0EJDB5FWOLXP3B76,72971,2019.0,Q4,2019-10-01,2019-12-31,,26000000.0,0.63,0.63,,2072000000.0,0.63,678000000.0,3836000000.0,10743000000.0,1743000000.0,2924000000.0,2924000000.0,2546000000.0,51000000.0,11200000000.0,1551000000.0,574000000.0,,141000000.0,1016000000.0,1899000000.0,6535000000.0,-4424000000.0,327000000.0,,130000000.0,644000000.0,7372000000.0,98000000.0,439000000.0,4395000000.0,15595000000.0,15614000000.0,8660000000.0,3602000000.0,19860000000.0,,10513000000.0,4396600000.0,4393100000.0,4425400000.0
Wells Fargo & Co,WFC,PBLD0EJDB5FWOLXP3B76,72971,2019.0,FY,2019-01-01,2019-12-31,2020-02-26 21:51:08+00:00,108000000.0,4.08,4.08,1.92,8635000000.0,4.05,4157000000.0,15917000000.0,45038000000.0,7350000000.0,20041000000.0,20041000000.0,17938000000.0,492000000.0,47231000000.0,5708000000.0,3976000000.0,,551000000.0,5128000000.0,4696000000.0,22626000000.0,14710000000.0,1611000000.0,,526000000.0,2687000000.0,29210000000.0,378000000.0,2316000000.0,18852000000.0,66083000000.0,58178000000.0,37832000000.0,24198000000.0,85063000000.0,,14072000000.0,4396600000.0,4393100000.0,4425400000.0
Wells Fargo & Co,WFC,PBLD0EJDB5FWOLXP3B76,72971,2019.0,Q3,2019-07-01,2019-09-30,2019-11-01 15:42:55+00:00,27000000.0,0.93,0.93,,2324000000.0,0.92,1304000000.0,3913000000.0,11234000000.0,1780000000.0,4812000000.0,4812000000.0,4037000000.0,202000000.0,11625000000.0,1453000000.0,1235000000.0,,135000000.0,1352000000.0,1930000000.0,6196000000.0,3570000000.0,573000000.0,,93000000.0,695000000.0,7430000000.0,91000000.0,635000000.0,4874000000.0,16499000000.0,15199000000.0,10385000000.0,6116000000.0,22010000000.0,,3559000000.0,4340900000.0,4358500000.0,4389600000.0
Wells Fargo & Co,WFC,PBLD0EJDB5FWOLXP3B76,72971,2019.0,Q3YTD,2019-01-01,2019-09-30,,82000000.0,3.45,3.45,,6563000000.0,3.42,3479000000.0,12081000000.0,34295000000.0,5607000000.0,17117000000.0,17117000000.0,15392000000.0,441000000.0,36031000000.0,4157000000.0,3402000000.0,,410000000.0,4112000000.0,2797000000.0,16091000000.0,19134000000.0,1284000000.0,,396000000.0,2043000000.0,21838000000.0,280000000.0,1877000000.0,14457000000.0,50488000000.0,42564000000.0,29172000000.0,20596000000.0,65203000000.0,,3559000000.0,4340900000.0,4358500000.0,4389600000.0
Wells Fargo & Co,WFC,PBLD0EJDB5FWOLXP3B76,72971,2019.0,Q3TTM,2018-10-01,2019-09-30,,346000000.0,4.67,4.67,,8328000000.0,4.63,4445000000.0,16144000000.0,45885000000.0,7409000000.0,23271000000.0,23271000000.0,21103000000.0,531000000.0,48675000000.0,5535000000.0,3442000000.0,,574000000.0,5380000000.0,5348000000.0,20663000000.0,17575000000.0,1637000000.0,,549000000.0,2564000000.0,28810000000.0,389000000.0,2423000000.0,18734000000.0,67409000000.0,55903000000.0,37508000000.0,27716000000.0,86183000000.0,,10754000000.0,4340900000.0,4358500000.0,4389600000.0
Wells Fargo & Co,WFC,PBLD0EJDB5FWOLXP3B76,72971,2019.0,Q2,2019-04-01,2019-06-30,2019-08-02 15:55:09+00:00,27000000.0,1.31,1.31,,2213000000.0,1.3,1294000000.0,4017000000.0,11531000000.0,1900000000.0,6338000000.0,6338000000.0,5848000000.0,132000000.0,12095000000.0,1326000000.0,871000000.0,,132000000.0,1438000000.0,424000000.0,4814000000.0,8101000000.0,358000000.0,,144000000.0,503000000.0,7138000000.0,93000000.0,646000000.0,4891000000.0,16986000000.0,13449000000.0,9489000000.0,7632000000.0,21584000000.0,,,4464100000.0,4469400000.0,4495000000.0
Wells Fargo & Co,WFC,PBLD0EJDB5FWOLXP3B76,72971,2019.0,Q2YTD,2019-01-01,2019-06-30,,55000000.0,2.52,2.52,,4239000000.0,2.5,2175000000.0,8168000000.0,23061000000.0,3827000000.0,12305000000.0,12305000000.0,11355000000.0,239000000.0,24406000000.0,2704000000.0,2167000000.0,,275000000.0,2760000000.0,867000000.0,9895000000.0,15564000000.0,711000000.0,,303000000.0,1348000000.0,14408000000.0,189000000.0,1242000000.0,9583000000.0,33989000000.0,27365000000.0,18787000000.0,14480000000.0,43193000000.0,,,4464100000.0,4469400000.0,4495000000.0
Wells Fargo & Co,WFC,PBLD0EJDB5FWOLXP3B76,72971,2019.0,Q2TTM,2018-07-01,2019-06-30,,583000000.0,4.88,4.88,,7503000000.0,4.84,4653000000.0,16106000000.0,46012000000.0,7296000000.0,24545000000.0,24545000000.0,22519000000.0,408000000.0,49622000000.0,5434000000.0,2838000000.0,,603000000.0,5156000000.0,4504000000.0,19390000000.0,17922000000.0,1618000000.0,,792000000.0,2449000000.0,28268000000.0,402000000.0,2250000000.0,17652000000.0,67274000000.0,54467000000.0,36492000000.0,29198000000.0,86114000000.0,,10826000000.0,4464100000.0,4469400000.0,4495000000.0
Wells Fargo & Co,WFC,PBLD0EJDB5FWOLXP3B76,72971,2019.0,Q1,2019-01-01,2019-03-31,2020-05-05 15:25:29+00:00,28000000.0,1.21,1.21,0.45,2026000000.0,1.2,881000000.0,4151000000.0,11530000000.0,1927000000.0,5967000000.0,5967000000.0,5507000000.0,107000000.0,12311000000.0,1378000000.0,1296000000.0,,143000000.0,1322000000.0,443000000.0,5081000000.0,7463000000.0,353000000.0,,159000000.0,845000000.0,7270000000.0,96000000.0,596000000.0,4692000000.0,17003000000.0,13916000000.0,9298000000.0,6848000000.0,21609000000.0,,,4551200000.0,4551500000.0,4584000000.0
Wells Fargo & Co,WFC,PBLD0EJDB5FWOLXP3B76,72971,2019.0,Q1TTM,2018-04-01,2019-03-31,,821000000.0,4.55,4.55,,6558000000.0,4.52,5169000000.0,15904000000.0,45639000000.0,7054000000.0,23516000000.0,23516000000.0,21463000000.0,399000000.0,50068000000.0,5380000000.0,2494000000.0,,621000000.0,4760000000.0,4523000000.0,19617000000.0,17761000000.0,1654000000.0,,945000000.0,2398000000.0,28237000000.0,411000000.0,2002000000.0,16235000000.0,66303000000.0,55000000000.0,36015000000.0,28685000000.0,86083000000.0,,10826000000.0,4551200000.0,4551500000.0,4584000000.0
Wells Fargo & Co,WFC,PBLD0EJDB5FWOLXP3B76,72971,2020.0,Q1TTM,2019-04-01,2020-03-31,,103000000.0,2.88,2.88,,8351000000.0,2.86,3435000000.0,15444000000.0,43782000000.0,6663000000.0,14579000000.0,14579000000.0,12473000000.0,237000000.0,46232000000.0,5706000000.0,1580000000.0,,550000000.0,4581000000.0,4605000000.0,21892000000.0,14305000000.0,1869000000.0,,485000000.0,5847000000.0,29124000000.0,377000000.0,2011000000.0,17575000000.0,63807000000.0,57310000000.0,34939000000.0,18014000000.0,81171000000.0,,14072000000.0,4200000000.0,4104800000.0,4135300000.0
Wells Fargo & Co,WFC,PBLD0EJDB5FWOLXP3B76,72971,2020.0,Q1,2020-01-01,2020-03-31,2020-05-05 15:25:29+00:00,23000000.0,0.01,0.01,0.51,1742000000.0,0.01,159000000.0,3678000000.0,10274000000.0,1240000000.0,505000000.0,505000000.0,42000000.0,-148000000.0,11312000000.0,1376000000.0,-1100000000.0,,142000000.0,775000000.0,352000000.0,4347000000.0,7058000000.0,611000000.0,,118000000.0,4005000000.0,7184000000.0,95000000.0,291000000.0,3415000000.0,14727000000.0,13048000000.0,6405000000.0,664000000.0,17717000000.0,,,4200000000.0,4104800000.0,4135300000.0
