company_name,company_ticker,company_lei,company_cik,year,quarter,start_date,end_date,filing_date,basicdilutedeps,basiceps,depreciationexpense,dilutedeps,impairmentexpense,incometaxexpense,investmentsecuritiesinterestincome,longtermdebtinterestexpense,netincome,netincomecontinuing,netincometocommon,netincometononcontrollinginterest,netinterestincome,netoccupancyequipmentexpense,netrealizedcapitalgains,otheradjustmentstoconsolidatednetincome,otheradjustmentstonetincometocommon,othergains,otherinterestexpense,otherinterestincome,othernoninterestincome,otheroperatingexpenses,otherservicechargeincome,preferreddividends,restructuringcharge,totalinterestexpense,totalinterestincome,totalnoninterestexpense,totalnoninterestincome,totalpretaxincome,totalrevenue,trustfeeincome,weightedavebasicdilutedsharesos,weightedavebasicsharesos,weightedavedilutedsharesos
Digital Realty Trust Inc,DLR,,1297996,2008.0,FY,2008-01-01,2008-12-31,2011-03-25 16:12:36+00:00,,,,,,,,,-700000.0,-700000.0,-700000.0,,,,,,,,,,,,,,700000.0,,,700000.0,,-700000.0,,,,,
Digital Realty Trust Inc,DLR,,1297996,2009.0,FY,2009-01-01,2009-12-31,2012-02-27 21:46:42+00:00,0.62,0.62,198052000.0,0.61,,1038000.0,753000.0,88442000.0,91234000.0,91234000.0,47258000.0,3712000.0,-87689000.0,174038000.0,0.0,,,2172000.0,,,636080000.0,85086000.0,1062000.0,40404000.0,2177000.0,88442000.0,753000.0,459353000.0,637142000.0,90100000.0,549453000.0,,76200000.0,75950370.0,77020890.0
Digital Realty Trust Inc,DLR,,1297996,2009.0,Q2,2009-04-01,2009-06-30,2010-08-12 16:21:21+00:00,0.13,0.13,49183000.0,0.13,,292000.0,403000.0,22495000.0,21203000.0,21203000.0,10271000.0,831000.0,-22092000.0,42301000.0,0.0,,,741000.0,,,154924000.0,20595000.0,83000.0,10101000.0,82000.0,22495000.0,403000.0,112161000.0,155007000.0,20754000.0,132915000.0,,79000000.0,76121380.0,76851202.0
Digital Realty Trust Inc,DLR,,1297996,2010.0,Q4,2010-10-01,2010-12-31,,0.47,0.25,3927000.0,0.24,,97000.0,-106000.0,-2414000.0,18356000.0,18356000.0,-3254000.0,1615000.0,2308000.0,-5371000.0,-297000.0,,18833000.0,3238000.0,,,-4870000.0,-10935000.0,371000.0,1162000.0,-5324000.0,-2414000.0,-106000.0,-17703000.0,-4796000.0,15215000.0,-2488000.0,,84500000.0,84275498.0,86013471.0
Digital Realty Trust Inc,DLR,,1297996,2010.0,FY,2010-01-01,2010-12-31,2013-02-28 17:28:11+00:00,0.69,0.69,263903000.0,0.68,,1851000.0,616000.0,137384000.0,105412000.0,105412000.0,58339000.0,3118000.0,-136768000.0,250225000.0,-3529000.0,,,5254000.0,,,865030000.0,101529000.0,371000.0,43955000.0,7438000.0,137384000.0,616000.0,623095000.0,861872000.0,102009000.0,725104000.0,,84500000.0,84275498.0,86013471.0
Digital Realty Trust Inc,DLR,,1297996,2010.0,Q3YTD,2010-01-01,2010-09-30,,0.22,0.44,259976000.0,0.44,,1754000.0,722000.0,139798000.0,87056000.0,87056000.0,61593000.0,1503000.0,-139076000.0,255596000.0,-3232000.0,,-18833000.0,2016000.0,,,869900000.0,112464000.0,,42793000.0,12762000.0,139798000.0,722000.0,640798000.0,866668000.0,86794000.0,727592000.0,,389600000.0,180724105.0,185180023.0
Digital Realty Trust Inc,DLR,,1297996,2010.0,Q2,2010-04-01,2010-06-30,2011-08-05 17:11:46+00:00,0.11,0.22,119720000.0,0.22,,1068000.0,68000.0,66324000.0,39804000.0,39804000.0,18742000.0,860000.0,-66256000.0,107870000.0,-2127000.0,,,955000.0,,,394928000.0,55608000.0,0.0,20202000.0,3430000.0,66324000.0,68000.0,286628000.0,392801000.0,39917000.0,326545000.0,,170400000.0,166691976.0,171650952.0
Digital Realty Trust Inc,DLR,,1297996,2010.0,Q2YTD,2010-01-01,2010-06-30,,0.11,0.22,119720000.0,0.22,,1068000.0,68000.0,66324000.0,39804000.0,39804000.0,18742000.0,860000.0,-66256000.0,107870000.0,-2127000.0,,,955000.0,,,394928000.0,55608000.0,,20202000.0,3430000.0,66324000.0,68000.0,286628000.0,392801000.0,39917000.0,326545000.0,,170400000.0,166691976.0,171650952.0
Digital Realty Trust Inc,DLR,,1297996,2011.0,Q4,2011-10-01,2011-12-31,,0.67,-0.32,-72353000.0,-0.29,,-2053000.0,-2084000.0,-36304000.0,-29504000.0,8724000.0,-29971000.0,1699000.0,-4734000.0,-72189000.0,-3289000.0,-38228000.0,,3329000.0,39334000.0,380000.0,-14476000.0,150802000.0,28389000.0,-1232000.0,-3712000.0,3030000.0,-1704000.0,2548000.0,10624000.0,3342000.0,5890000.0,,98400000.0,98405375.0,99169749.0
Digital Realty Trust Inc,DLR,,1297996,2011.0,FY,2011-01-01,2011-12-31,2014-02-28 21:05:59+00:00,1.33,1.33,310425000.0,1.32,,-42000.0,3260000.0,149350000.0,162126000.0,162126000.0,130868000.0,5861000.0,-146090000.0,307922000.0,-1088000.0,,,4952000.0,,,1032522000.0,134399000.0,30188000.0,25397000.0,5654000.0,149350000.0,3260000.0,758400000.0,1061622000.0,157132000.0,915532000.0,,98400000.0,98405375.0,99169749.0
Digital Realty Trust Inc,DLR,,1297996,2011.0,Q3,2011-07-01,2011-09-30,2012-11-08 16:15:39+00:00,0.32,0.64,158094000.0,0.62,,922000.0,4436000.0,74156000.0,75378000.0,75378000.0,65237000.0,1269000.0,-69720000.0,164328000.0,1378000.0,,,1390000.0,,,545748000.0,74014000.0,1204000.0,8872000.0,7264000.0,74156000.0,4436000.0,403700000.0,548330000.0,74910000.0,478610000.0,,203900000.0,205657515.0,208305729.0
Digital Realty Trust Inc,DLR,,1297996,2011.0,Q3YTD,2011-01-01,2011-09-30,,0.66,1.65,382778000.0,1.61,,2011000.0,5344000.0,185654000.0,191630000.0,153402000.0,160839000.0,4162000.0,-141356000.0,380111000.0,2201000.0,38228000.0,,1390000.0,-39334000.0,-380000.0,1046998000.0,-16403000.0,1799000.0,26629000.0,9366000.0,146320000.0,4964000.0,755852000.0,1050998000.0,153790000.0,909642000.0,,203900000.0,205657515.0,208305729.0
Digital Realty Trust Inc,DLR,,1297996,2011.0,Q3TTM,2010-10-01,2011-09-30,,1.13,1.9,386705000.0,1.85,,2108000.0,5238000.0,183240000.0,209986000.0,171758000.0,157585000.0,5777000.0,-139048000.0,374740000.0,1904000.0,38228000.0,18833000.0,4628000.0,-39334000.0,-380000.0,1042128000.0,-27338000.0,2170000.0,27791000.0,4042000.0,143906000.0,4858000.0,738149000.0,1046202000.0,169005000.0,907154000.0,,203900000.0,205657515.0,208305729.0
Digital Realty Trust Inc,DLR,,1297996,2011.0,Q2YTD,2011-01-01,2011-06-30,,0.67,1.34,301532000.0,1.32,,1322000.0,528000.0,150832000.0,154480000.0,153720000.0,129174000.0,2836000.0,-150304000.0,288120000.0,1518000.0,760000.0,,1058000.0,,,1036644000.0,141980000.0,600000.0,22470000.0,2842000.0,150832000.0,528000.0,734474000.0,1038762000.0,153984000.0,888458000.0,,198700000.0,197351972.0,199784424.0
Digital Realty Trust Inc,DLR,,1297996,2011.0,Q2TTM,2010-07-01,2011-06-30,,1.06,1.62,445715000.0,1.6,,2105000.0,1076000.0,221892000.0,220088000.0,219328000.0,168771000.0,5094000.0,-220816000.0,430475000.0,116000.0,760000.0,,5357000.0,,,1506746000.0,187901000.0,971000.0,46223000.0,6850000.0,221892000.0,1076000.0,1070941000.0,1507833000.0,216076000.0,1287017000.0,,198700000.0,197351972.0,199784424.0
Digital Realty Trust Inc,DLR,,1297996,2011.0,Q1,2011-01-01,2011-03-31,2012-05-07 17:01:35+00:00,0.34,0.68,147836000.0,0.66,,856000.0,528000.0,72164000.0,78024000.0,78024000.0,63612000.0,1368000.0,-71636000.0,143446000.0,1186000.0,,,,,,500892000.0,59508000.0,590000.0,13044000.0,1362000.0,72164000.0,528000.0,352152000.0,502668000.0,78880000.0,431032000.0,,187100000.0,187730963.0,190074683.0
Digital Realty Trust Inc,DLR,,1297996,2011.0,Q1TTM,2010-04-01,2011-03-31,,1.03,1.37,411739000.0,1.34,,2707000.0,1144000.0,209548000.0,183436000.0,183436000.0,121951000.0,4486000.0,-208404000.0,393671000.0,-2343000.0,,,5254000.0,,,1365922000.0,161037000.0,961000.0,56999000.0,8800000.0,209548000.0,1144000.0,975247000.0,1364540000.0,180889000.0,1156136000.0,,187100000.0,187730963.0,190074683.0
Digital Realty Trust Inc,DLR,,1297996,2012.0,Q4,2012-10-01,2012-12-31,,0.73,-0.02,18718000.0,-0.01,,-1196000.0,-1332000.0,2669000.0,1927000.0,58848000.0,-102301000.0,1721000.0,-44965000.0,19570000.0,-9592000.0,-56921000.0,103069000.0,7425000.0,41047000.0,83000.0,387850000.0,247287000.0,2181000.0,-562000.0,-328000.0,43716000.0,-1249000.0,285247000.0,380439000.0,50227000.0,335474000.0,,116000000.0,115717667.0,116006577.0
Digital Realty Trust Inc,DLR,,1297996,2012.0,FY,2012-01-01,2012-12-31,2015-03-02 17:07:00+00:00,1.48,1.48,382553000.0,1.48,0.0,2647000.0,1892000.0,157108000.0,216047000.0,216047000.0,171662000.0,5713000.0,-155216000.0,381227000.0,-303000.0,,,8135000.0,,,1263024000.0,139140000.0,16043000.0,38672000.0,10069000.0,157108000.0,1892000.0,912989000.0,1278764000.0,210559000.0,1123548000.0,,116000000.0,115717667.0,116006577.0
Digital Realty Trust Inc,DLR,,1297996,2012.0,Q3YTD,2012-01-01,2012-09-30,,1.12,1.12,274835000.0,1.11,,2637000.0,2008000.0,116758000.0,160152000.0,160152000.0,126847000.0,4384000.0,-114750000.0,274081000.0,-303000.0,,,6402000.0,,,921874000.0,103186000.0,7457000.0,28921000.0,5789000.0,116758000.0,2008000.0,657891000.0,929028000.0,156387000.0,814278000.0,,123300000.0,122026421.0,122353511.0
Digital Realty Trust Inc,DLR,,1297996,2012.0,Q3TTM,2011-10-01,2012-09-30,,1.46,1.46,355447000.0,1.46,,1473000.0,2406000.0,153614000.0,207349000.0,207349000.0,162837000.0,5865000.0,-151208000.0,355779000.0,-407000.0,,,7698000.0,,,1163200000.0,129588000.0,36743000.0,38647000.0,6390000.0,153614000.0,2406000.0,847204000.0,1199536000.0,201124000.0,1048328000.0,,123300000.0,122026421.0,122353511.0
Digital Realty Trust Inc,DLR,,1297996,2012.0,Q2,2012-04-01,2012-06-30,2013-08-08 17:13:42+00:00,0.38,0.76,178000000.0,0.76,,2412000.0,2432000.0,75362000.0,107936000.0,107936000.0,85703000.0,1607000.0,-72930000.0,175152000.0,6380000.0,,,,,,594598000.0,68142000.0,12810000.0,20626000.0,9216000.0,75362000.0,2432000.0,430510000.0,613788000.0,110348000.0,540858000.0,,225500000.0,223861515.0,224671645.0
Digital Realty Trust Inc,DLR,,1297996,2012.0,Q2YTD,2012-01-01,2012-06-30,,0.75,1.13,261995000.0,1.12,,3133000.0,3141000.0,113392000.0,157199000.0,157199000.0,172956000.0,2463000.0,-110251000.0,254997000.0,7769000.0,,-47677000.0,,,,877746000.0,100857000.0,12810000.0,29457000.0,9893000.0,113392000.0,3141000.0,627742000.0,898325000.0,160332000.0,788074000.0,,225500000.0,223861515.0,224671645.0
Digital Realty Trust Inc,DLR,,1297996,2012.0,Q2TTM,2011-07-01,2012-06-30,,1.74,1.45,347736000.0,1.45,,2002000.0,5493000.0,151244000.0,203073000.0,241301000.0,208222000.0,5431000.0,-184705000.0,347136000.0,5858000.0,-38228000.0,-47677000.0,4952000.0,39334000.0,380000.0,1409018000.0,325673000.0,42403000.0,37097000.0,13445000.0,190578000.0,5873000.0,1033990000.0,1457279000.0,238584000.0,1272574000.0,,225500000.0,223861515.0,224671645.0
Digital Realty Trust Inc,DLR,,1297996,2012.0,Q1TTM,2011-04-01,2012-03-31,,1.36,1.02,246584000.0,1.02,,-177000.0,3441000.0,115216000.0,133365000.0,133365000.0,154509000.0,5349000.0,-111775000.0,244321000.0,-885000.0,,-47677000.0,4952000.0,,,814778000.0,107606000.0,29598000.0,21184000.0,4969000.0,115216000.0,3441000.0,603480000.0,843491000.0,128236000.0,731716000.0,,235800000.0,107099856.0,107584856.0
Digital Realty Trust Inc,DLR,,1297996,2013.0,Q4,2013-10-01,2013-12-31,,0.33,-0.38,-100714000.0,-0.36,,-1886000.0,196000.0,-49665000.0,-55635000.0,-61232000.0,-48517000.0,609000.0,49861000.0,-97010000.0,-6391000.0,5597000.0,,5131000.0,,,-340334000.0,-26673000.0,-607000.0,-7727000.0,-4825000.0,-49665000.0,196000.0,-229222000.0,-347332000.0,-68249000.0,-297471000.0,,128100000.0,127941134.0,128127641.0
Digital Realty Trust Inc,DLR,,1297996,2013.0,FY,2013-01-01,2013-12-31,2015-03-02 17:07:00+00:00,2.12,2.12,475464000.0,2.12,0.0,1292000.0,139000.0,189399000.0,320449000.0,314852000.0,271583000.0,5961000.0,-189260000.0,456596000.0,113796000.0,5597000.0,,9796000.0,,,1478337000.0,165544000.0,3922000.0,42905000.0,2843000.0,189399000.0,139000.0,1100447000.0,1596055000.0,306348000.0,1406795000.0,,128100000.0,127941134.0,128127641.0
Digital Realty Trust Inc,DLR,,1297996,2013.0,Q3YTD,2013-01-01,2013-09-30,,1.79,2.5,576178000.0,2.48,,3178000.0,-57000.0,239064000.0,376084000.0,376084000.0,320100000.0,5352000.0,-239121000.0,553606000.0,120187000.0,,,4665000.0,,,1818671000.0,192217000.0,4529000.0,50632000.0,7668000.0,239064000.0,-57000.0,1329669000.0,1943387000.0,374597000.0,1704266000.0,,128600000.0,128427444.0,135301765.0
Digital Realty Trust Inc,DLR,,1297996,2013.0,Q3TTM,2012-10-01,2013-09-30,,2.52,2.48,594896000.0,2.47,,1982000.0,-1389000.0,241733000.0,378011000.0,434932000.0,217799000.0,7073000.0,-284086000.0,573176000.0,110595000.0,-56921000.0,103069000.0,12800000.0,41047000.0,83000.0,2206521000.0,439504000.0,6710000.0,50070000.0,7340000.0,282780000.0,-1306000.0,1614916000.0,2323826000.0,424824000.0,2039740000.0,,128600000.0,128427444.0,135301765.0
Digital Realty Trust Inc,DLR,,1297996,2013.0,Q3,2013-07-01,2013-09-30,2014-11-07 17:09:14+00:00,1.08,1.08,121198000.0,1.06,0.0,352000.0,-127000.0,47742000.0,153480000.0,153480000.0,138872000.0,2882000.0,-47869000.0,129234000.0,116524000.0,,,,,,378771000.0,44547000.0,685000.0,11726000.0,-700000.0,47742000.0,-127000.0,294279000.0,495980000.0,153832000.0,448111000.0,,128600000.0,128427444.0,135301765.0
Digital Realty Trust Inc,DLR,,1297996,2013.0,Q2,2013-04-01,2013-06-30,2014-08-07 17:12:55+00:00,0.37,0.74,231734000.0,0.74,,420000.0,-12000.0,95166000.0,119242000.0,119242000.0,95090000.0,1354000.0,-95178000.0,213412000.0,1328000.0,,,2330000.0,,,725268000.0,68434000.0,1736000.0,22798000.0,2242000.0,95166000.0,-12000.0,515822000.0,728332000.0,117332000.0,633154000.0,,257000000.0,259393697.0,259800359.0
Digital Realty Trust Inc,DLR,,1297996,2013.0,Q2YTD,2013-01-01,2013-06-30,,0.71,1.42,454980000.0,1.42,,2826000.0,70000.0,191322000.0,222604000.0,222604000.0,181228000.0,2470000.0,-191252000.0,424372000.0,3663000.0,,,4665000.0,,,1439900000.0,147670000.0,3844000.0,38906000.0,8368000.0,191322000.0,70000.0,1035390000.0,1447407000.0,220765000.0,1256155000.0,,257000000.0,259393697.0,259800359.0
Digital Realty Trust Inc,DLR,,1297996,2013.0,Q2TTM,2012-07-01,2013-06-30,,1.44,1.77,575538000.0,1.78,,2340000.0,-1179000.0,235038000.0,281452000.0,281452000.0,179934000.0,5720000.0,-236217000.0,550602000.0,-4409000.0,,47677000.0,12800000.0,,,1825178000.0,185953000.0,7077000.0,48121000.0,8544000.0,235038000.0,-1179000.0,1320637000.0,1827846000.0,270992000.0,1591629000.0,,257000000.0,259393697.0,259800359.0
Digital Realty Trust Inc,DLR,,1297996,2013.0,Q1,2013-01-01,2013-03-31,2014-05-09 18:29:56+00:00,0.34,0.68,223246000.0,0.68,,2406000.0,82000.0,96156000.0,103362000.0,103362000.0,86138000.0,1116000.0,-96074000.0,210960000.0,2335000.0,,,2335000.0,,,714632000.0,79236000.0,2108000.0,16108000.0,6126000.0,96156000.0,82000.0,519568000.0,719075000.0,103433000.0,623001000.0,,253300000.0,255333326.0,255919434.0
Digital Realty Trust Inc,DLR,,1297996,2013.0,Q1TTM,2012-04-01,2013-03-31,,1.45,1.79,521804000.0,1.8,,4332000.0,1265000.0,215234000.0,270146000.0,270146000.0,170547000.0,5973000.0,-213969000.0,512342000.0,643000.0,,47677000.0,10470000.0,,,1694508000.0,185661000.0,18151000.0,45949000.0,15518000.0,215234000.0,1265000.0,1235325000.0,1713302000.0,264008000.0,1499333000.0,,253300000.0,255333326.0,255919434.0
Digital Realty Trust Inc,DLR,,1297996,2014.0,FY,2014-01-01,2014-12-31,2017-03-01 16:49:18+00:00,1.0,1.0,538513000.0,0.99,126470000.0,,,191085000.0,208653000.0,208653000.0,132718000.0,3232000.0,-191085000.0,503140000.0,125120000.0,,5238000.0,15952000.0,,,1606320000.0,196439000.0,10118000.0,67465000.0,-6790000.0,191085000.0,,1357772000.0,1741558000.0,192701000.0,1550473000.0,,132700000.0,133369047.0,133637235.0
Digital Realty Trust Inc,DLR,,1297996,2014.0,Q4,2014-10-01,2014-12-31,,-0.39,-0.39,133327000.0,-0.38,113970000.0,-4037000.0,-2022000.0,46396000.0,-29557000.0,-29557000.0,-52292000.0,-958000.0,-48418000.0,127554000.0,5038000.0,,5238000.0,15952000.0,,,408533000.0,47199000.0,3683000.0,18455000.0,-3668000.0,46396000.0,-2022000.0,418382000.0,417254000.0,-49546000.0,368836000.0,,132700000.0,133369047.0,133637235.0
Digital Realty Trust Inc,DLR,,1297996,2014.0,Q3YTD,2014-01-01,2014-09-30,,1.39,1.39,405186000.0,1.37,12500000.0,4037000.0,2022000.0,144689000.0,238210000.0,238210000.0,185010000.0,4190000.0,-142667000.0,375586000.0,120082000.0,,,,,,1197787000.0,149240000.0,6435000.0,49010000.0,-3122000.0,144689000.0,2022000.0,939390000.0,1324304000.0,242247000.0,1181637000.0,,135000000.0,135492618.0,135946533.0
Digital Realty Trust Inc,DLR,,1297996,2014.0,Q3TTM,2013-10-01,2014-09-30,,1.72,1.01,304472000.0,1.01,12500000.0,2151000.0,2218000.0,95024000.0,182575000.0,176978000.0,136493000.0,4799000.0,-92806000.0,278576000.0,113691000.0,5597000.0,,5131000.0,,,857453000.0,122567000.0,5828000.0,41283000.0,-7947000.0,95024000.0,2218000.0,710168000.0,976972000.0,173998000.0,884166000.0,,135000000.0,135492618.0,135946533.0
Digital Realty Trust Inc,DLR,,1297996,2014.0,Q3,2014-07-01,2014-09-30,2015-11-06 17:06:55+00:00,0.81,0.81,137474000.0,0.8,12500000.0,1178000.0,378000.0,48169000.0,130161000.0,130161000.0,109314000.0,2392000.0,-47791000.0,130894000.0,96758000.0,,,,,,409273000.0,50267000.0,2913000.0,18455000.0,-1321000.0,48169000.0,378000.0,329814000.0,508944000.0,131339000.0,461153000.0,,135000000.0,135492618.0,135946533.0
Digital Realty Trust Inc,DLR,,1297996,2014.0,Q2YTD,2014-01-01,2014-06-30,,0.58,0.58,267712000.0,0.57,,2859000.0,1644000.0,96520000.0,108049000.0,108049000.0,75696000.0,1798000.0,-94876000.0,244692000.0,23324000.0,,,,,,788514000.0,98973000.0,3522000.0,30555000.0,-1801000.0,96520000.0,1644000.0,609576000.0,815360000.0,110908000.0,720484000.0,,133900000.0,133802622.0,133977885.0
Digital Realty Trust Inc,DLR,,1297996,2014.0,Q2TTM,2013-07-01,2014-06-30,,1.99,1.28,288196000.0,1.27,,1325000.0,1713000.0,94597000.0,205894000.0,200297000.0,166051000.0,5289000.0,-92884000.0,276916000.0,133457000.0,5597000.0,,5131000.0,,,826951000.0,116847000.0,3600000.0,34554000.0,-7326000.0,94597000.0,1713000.0,674633000.0,964008000.0,196491000.0,871124000.0,,133900000.0,133802622.0,133977885.0
Digital Realty Trust Inc,DLR,,1297996,2014.0,Q2,2014-04-01,2014-06-30,2015-08-06 17:28:01+00:00,0.31,0.31,137092000.0,0.31,,1021000.0,-83000.0,49146000.0,61332000.0,61332000.0,41510000.0,993000.0,-49229000.0,126796000.0,19129000.0,,,,,,399107000.0,43584000.0,2339000.0,18829000.0,1521000.0,49146000.0,-83000.0,308993000.0,420575000.0,62353000.0,371346000.0,,133900000.0,133802622.0,133977885.0
Digital Realty Trust Inc,DLR,,1297996,2014.0,Q1TTM,2013-04-01,2014-03-31,,2.05,1.71,382838000.0,1.7,,724000.0,1784000.0,140617000.0,263804000.0,258207000.0,219631000.0,5650000.0,-138833000.0,363532000.0,115656000.0,5597000.0,,7461000.0,,,1153112000.0,141697000.0,2997000.0,38523000.0,-6605000.0,140617000.0,1784000.0,881462000.0,1271765000.0,251470000.0,1132932000.0,,126600000.0,128535995.0,129136961.0
Digital Realty Trust Inc,DLR,,1297996,2014.0,Q1,2014-01-01,2014-03-31,2015-05-08 17:11:31+00:00,0.27,0.27,130620000.0,0.26,,1838000.0,1727000.0,47374000.0,46717000.0,46717000.0,34186000.0,805000.0,-45647000.0,117896000.0,4195000.0,,,,,,389407000.0,55389000.0,1183000.0,11726000.0,-3322000.0,47374000.0,1727000.0,300583000.0,394785000.0,48555000.0,349138000.0,,126600000.0,128535995.0,129136961.0
Digital Realty Trust Inc,DLR,,1297996,2015.0,FY,2015-01-01,2015-12-31,2018-02-28 21:30:27+00:00,1.57,1.57,570527000.0,1.56,0.0,6451000.0,,201435000.0,301591000.0,301591000.0,217266000.0,4902000.0,-201435000.0,549885000.0,94456000.0,,,13110000.0,,,1755620000.0,267889000.0,7716000.0,79423000.0,-26876000.0,201435000.0,,1361425000.0,1857792000.0,294932000.0,1656357000.0,,138400000.0,138247606.0,138865421.0
Digital Realty Trust Inc,DLR,,1297996,2015.0,Q4,2015-10-01,2015-12-31,,-0.32,-1.07,180857000.0,-1.08,,486000.0,,16251000.0,-300381000.0,-1371967000.0,-306140000.0,158000.0,-16251000.0,30682000.0,-29668000.0,1071586000.0,,11371000.0,,,-733336000.0,103892000.0,266000.0,5601000.0,46040000.0,16251000.0,,361471000.0,-1005130000.0,-1382852000.0,-1021381000.0,-242392000.0,138400000.0,138247606.0,138865421.0
Digital Realty Trust Inc,DLR,,1297996,2015.0,Q3,2015-07-01,2015-09-30,2016-11-09 16:50:52+00:00,0.28,0.28,,0.28,,,,48138000.0,219325000.0,219325000.0,200869000.0,,-48138000.0,140538000.0,3962000.0,,,-358000.0,,,433814000.0,22144000.0,2175000.0,18456000.0,9448000.0,48138000.0,,172130000.0,439951000.0,219683000.0,391813000.0,,717400000.0,135832503.0,138259936.0
Digital Realty Trust Inc,DLR,,1297996,2015.0,Q3YTD,2015-01-01,2015-09-30,,1.89,2.64,389670000.0,2.64,,5965000.0,,185184000.0,601972000.0,1673558000.0,523406000.0,4744000.0,-185184000.0,519203000.0,124124000.0,-1071586000.0,,1739000.0,,,2488956000.0,163997000.0,7450000.0,73822000.0,-72916000.0,185184000.0,,999954000.0,2862922000.0,1677784000.0,2677738000.0,242392000.0,717400000.0,135832503.0,138259936.0
Digital Realty Trust Inc,DLR,,1297996,2015.0,Q3TTM,2014-10-01,2015-09-30,,1.5,2.25,522997000.0,2.26,113970000.0,1928000.0,-2022000.0,231580000.0,572415000.0,1644001000.0,471114000.0,3786000.0,-233602000.0,646757000.0,129162000.0,-1071586000.0,5238000.0,17691000.0,,,2897489000.0,211196000.0,11133000.0,92277000.0,-76584000.0,231580000.0,-2022000.0,1418336000.0,3280176000.0,1628238000.0,3046574000.0,242392000.0,717400000.0,135832503.0,138259936.0
Digital Realty Trust Inc,DLR,,1297996,2015.0,Q2,2015-04-01,2015-06-30,2016-08-09 17:22:48+00:00,0.86,0.86,131524000.0,0.86,,2615000.0,,46114000.0,137997000.0,558292000.0,117055000.0,2486000.0,-46114000.0,129539000.0,79904000.0,-420295000.0,,-231000.0,,,838543000.0,48661000.0,2047000.0,18456000.0,3518000.0,46114000.0,,313242000.0,920494000.0,561138000.0,874380000.0,,136100000.0,135810060.0,136499004.0
Digital Realty Trust Inc,DLR,,1297996,2015.0,Q2YTD,2015-01-01,2015-06-30,,1.61,2.36,389670000.0,2.36,,5965000.0,,137046000.0,382647000.0,1454233000.0,322537000.0,4744000.0,-137046000.0,378665000.0,120162000.0,-1071586000.0,,2097000.0,,,2055142000.0,141853000.0,5275000.0,55366000.0,-82364000.0,137046000.0,,827824000.0,2422971000.0,1458101000.0,2285925000.0,242392000.0,136100000.0,135810060.0,136499004.0
Digital Realty Trust Inc,DLR,,1297996,2015.0,Q2TTM,2014-07-01,2015-06-30,,2.03,2.78,660471000.0,2.78,126470000.0,3106000.0,-1644000.0,231611000.0,483251000.0,1554837000.0,379559000.0,6178000.0,-233255000.0,637113000.0,221958000.0,-1071586000.0,5238000.0,18049000.0,,,2872948000.0,239319000.0,11871000.0,92276000.0,-87353000.0,231611000.0,-1644000.0,1576020000.0,3349169000.0,1539894000.0,3115914000.0,242392000.0,136100000.0,135810060.0,136499004.0
Digital Realty Trust Inc,DLR,,1297996,2015.0,Q1,2015-01-01,2015-03-31,2016-05-06 17:05:58+00:00,0.75,1.5,258146000.0,1.5,,3350000.0,,90932000.0,244650000.0,895941000.0,205482000.0,2258000.0,-90932000.0,249126000.0,40258000.0,-651291000.0,,2328000.0,,,1216599000.0,93192000.0,3228000.0,36910000.0,-85882000.0,90932000.0,,514582000.0,1502477000.0,896963000.0,1411545000.0,242392000.0,274000000.0,274111518.0,274960068.0
Digital Realty Trust Inc,DLR,,1297996,2015.0,Q1TTM,2014-04-01,2015-03-31,,1.48,2.23,666039000.0,2.23,126470000.0,1512000.0,-1727000.0,234643000.0,406586000.0,1057877000.0,304014000.0,4685000.0,-236370000.0,634370000.0,161183000.0,-651291000.0,5238000.0,18280000.0,,,2433512000.0,234242000.0,12163000.0,92649000.0,-89350000.0,234643000.0,-1727000.0,1571771000.0,2849250000.0,1041109000.0,2612880000.0,242392000.0,274000000.0,274111518.0,274960068.0
Digital Realty Trust Inc,DLR,,1297996,2016.0,FY,2016-01-01,2016-12-31,2019-02-25 17:29:13+00:00,2.21,2.21,699324000.0,2.2,0.0,10385000.0,,236480000.0,431852000.0,431852000.0,332088000.0,5665000.0,-236480000.0,660177000.0,168891000.0,,,12540000.0,,,2102731000.0,264935000.0,39482000.0,94099000.0,20491000.0,236480000.0,,1644927000.0,2311104000.0,429697000.0,2074624000.0,,150300000.0,149953662.0,150679688.0
Digital Realty Trust Inc,DLR,,1297996,2016.0,Q4,2016-10-01,2016-12-31,,0.48,0.21,7565000.0,0.22,,195000.0,,-1035000.0,33807000.0,-594777000.0,37894000.0,944000.0,1035000.0,15099000.0,-12719000.0,628584000.0,,12056000.0,,,-464543000.0,9857000.0,32932000.0,-5031000.0,7061000.0,-1035000.0,,39582000.0,-568091000.0,-606638000.0,-567056000.0,-123761000.0,150300000.0,149953662.0,150679688.0
Digital Realty Trust Inc,DLR,,1297996,2016.0,Q3,2016-07-01,2016-09-30,2017-11-09 16:48:57+00:00,1.27,1.27,178133000.0,1.25,0.0,3720000.0,,63084000.0,222435000.0,222435000.0,187330000.0,3247000.0,-63084000.0,177192000.0,173134000.0,,,355000.0,,,544774000.0,69203000.0,1519000.0,31858000.0,6015000.0,63084000.0,,430543000.0,719427000.0,225800000.0,656343000.0,,147500000.0,147397853.0,149384871.0
Digital Realty Trust Inc,DLR,,1297996,2016.0,Q3YTD,2016-01-01,2016-09-30,,1.73,2.0,691759000.0,1.98,,10190000.0,,237515000.0,398045000.0,1026629000.0,294194000.0,4721000.0,-237515000.0,645078000.0,181610000.0,-628584000.0,,484000.0,,,2567274000.0,255078000.0,6550000.0,99130000.0,13430000.0,237515000.0,,1605345000.0,2879195000.0,1036335000.0,2641680000.0,123761000.0,147500000.0,147397853.0,149384871.0
Digital Realty Trust Inc,DLR,,1297996,2016.0,Q3TTM,2015-10-01,2016-09-30,,1.41,0.93,872616000.0,0.9,,10676000.0,,253766000.0,97664000.0,-345338000.0,-11946000.0,4879000.0,-253766000.0,675760000.0,151942000.0,443002000.0,,11855000.0,,,1833938000.0,358970000.0,6816000.0,104731000.0,59470000.0,253766000.0,,1966816000.0,1874065000.0,-346517000.0,1620299000.0,-118631000.0,147500000.0,147397853.0,149384871.0
Digital Realty Trust Inc,DLR,,1297996,2016.0,Q2,2016-04-01,2016-06-30,2017-08-09 17:11:18+00:00,0.19,0.19,175594000.0,0.19,,2252000.0,,59909000.0,50944000.0,50944000.0,27951000.0,569000.0,-59909000.0,159548000.0,4132000.0,,,-3325000.0,,,513683000.0,63879000.0,1251000.0,22424000.0,3615000.0,59909000.0,,402636000.0,519066000.0,56521000.0,459157000.0,,147100000.0,146824268.0,147808268.0
Digital Realty Trust Inc,DLR,,1297996,2016.0,Q2YTD,2016-01-01,2016-06-30,,0.46,0.73,513626000.0,0.73,,6470000.0,,174431000.0,175610000.0,804194000.0,106864000.0,1474000.0,-174431000.0,467886000.0,8476000.0,-628584000.0,,129000.0,,,2022500000.0,185875000.0,5031000.0,67272000.0,7415000.0,174431000.0,,1174802000.0,2159768000.0,810535000.0,1985337000.0,123761000.0,147100000.0,146824268.0,147808268.0
Digital Realty Trust Inc,DLR,,1297996,2016.0,Q2TTM,2015-07-01,2016-06-30,,0.42,-0.06,694483000.0,-0.07,,6956000.0,,238820000.0,94554000.0,-348448000.0,1593000.0,1632000.0,-238820000.0,639106000.0,-17230000.0,443002000.0,,11142000.0,,,1722978000.0,311911000.0,7472000.0,91329000.0,62903000.0,238820000.0,,1708403000.0,1594589000.0,-352634000.0,1355769000.0,-118631000.0,147100000.0,146824268.0,147808268.0
Digital Realty Trust Inc,DLR,,1297996,2016.0,Q1TTM,2015-04-01,2016-03-31,,1.09,0.61,650413000.0,0.6,,7319000.0,,225025000.0,181607000.0,158900000.0,90697000.0,3549000.0,-225025000.0,609097000.0,58542000.0,22707000.0,,14236000.0,,,2047838000.0,296693000.0,8268000.0,87361000.0,62806000.0,225025000.0,,1619009000.0,1996017000.0,151983000.0,1770992000.0,-118631000.0,292300000.0,295613362.0,297348622.0
Digital Realty Trust Inc,DLR,,1297996,2017.0,FY,2017-01-01,2017-12-31,2020-03-02 17:20:37+00:00,0.99,0.99,842464000.0,0.99,28992000.0,7901000.0,,258642000.0,256267000.0,256267000.0,173148000.0,8008000.0,-258642000.0,759616000.0,1990000.0,0.0,,69525000.0,,,2457928000.0,299513000.0,,75111000.0,76048000.0,258642000.0,,2006633000.0,2459918000.0,194643000.0,2201276000.0,,174900000.0,174059386.0,174895098.0
Digital Realty Trust Inc,DLR,,1297996,2017.0,Q4,2017-10-01,2017-12-31,,0.23,0.23,287973000.0,0.24,,545000.0,,73989000.0,79658000.0,79658000.0,53306000.0,6023000.0,-73989000.0,225500000.0,-29200000.0,,,66194000.0,,,737015000.0,85093000.0,-5570000.0,20329000.0,15681000.0,73989000.0,,614247000.0,702245000.0,14009000.0,628256000.0,,174900000.0,174059386.0,174895098.0
Digital Realty Trust Inc,DLR,,1297996,2017.0,Q3,2017-07-01,2017-09-30,2018-11-02 16:41:46+00:00,-0.02,-0.02,199914000.0,-0.02,28992000.0,2494000.0,,71621000.0,12475000.0,12475000.0,-4140000.0,40000.0,-71621000.0,190061000.0,17620000.0,,,2813000.0,,,608055000.0,81992000.0,1870000.0,16575000.0,42809000.0,71621000.0,,543768000.0,627545000.0,12156000.0,555924000.0,,207000000.0,170194254.0,170194254.0
Digital Realty Trust Inc,DLR,,1297996,2017.0,Q3YTD,2017-01-01,2017-09-30,,0.76,0.76,554491000.0,0.75,28992000.0,7356000.0,,184653000.0,176609000.0,176609000.0,119842000.0,1985000.0,-184653000.0,534116000.0,31190000.0,,,3331000.0,,,1720913000.0,214420000.0,5570000.0,54782000.0,60367000.0,184653000.0,,1392386000.0,1757673000.0,180634000.0,1573020000.0,,207000000.0,170194254.0,170194254.0
Digital Realty Trust Inc,DLR,,1297996,2017.0,Q3TTM,2016-10-01,2017-09-30,,1.24,0.97,562056000.0,0.97,28992000.0,7551000.0,,183618000.0,210416000.0,-418168000.0,157736000.0,2929000.0,-183618000.0,549215000.0,18471000.0,628584000.0,,15387000.0,,,1256370000.0,224277000.0,38502000.0,49751000.0,67428000.0,183618000.0,,1431968000.0,1189582000.0,-426004000.0,1005964000.0,-123761000.0,207000000.0,170194254.0,170194254.0
Digital Realty Trust Inc,DLR,,1297996,2017.0,Q2,2017-04-01,2017-06-30,2018-08-07 16:51:54+00:00,0.36,0.36,178111000.0,0.36,,2639000.0,,57582000.0,79571000.0,79571000.0,57837000.0,920000.0,-57582000.0,174716000.0,8768000.0,,,367000.0,,,564219000.0,68270000.0,1770000.0,20814000.0,14235000.0,57582000.0,,435332000.0,574757000.0,81843000.0,517175000.0,,160700000.0,160832889.0,161781867.0
Digital Realty Trust Inc,DLR,,1297996,2017.0,Q2YTD,2017-01-01,2017-06-30,,0.78,0.78,354577000.0,0.77,,4862000.0,,113032000.0,164134000.0,164134000.0,123982000.0,1945000.0,-113032000.0,344055000.0,13570000.0,,,518000.0,,,1112858000.0,132428000.0,3700000.0,38207000.0,17558000.0,113032000.0,,848618000.0,1130128000.0,168478000.0,1017096000.0,,160700000.0,160832889.0,161781867.0
Digital Realty Trust Inc,DLR,,1297996,2017.0,Q2TTM,2016-07-01,2017-06-30,,2.53,2.26,540275000.0,2.24,,8777000.0,,175081000.0,420376000.0,-208208000.0,349206000.0,6136000.0,-175081000.0,536346000.0,173985000.0,628584000.0,,12929000.0,,,1193089000.0,211488000.0,38151000.0,65034000.0,30634000.0,175081000.0,,1318743000.0,1281464000.0,-212360000.0,1106383000.0,-123761000.0,160700000.0,160832889.0,161781867.0
Digital Realty Trust Inc,DLR,,1297996,2017.0,Q1,2017-01-01,2017-03-31,2018-05-08 16:42:06+00:00,0.42,0.42,176466000.0,0.41,,2223000.0,,55450000.0,84563000.0,84563000.0,66145000.0,1025000.0,-55450000.0,169339000.0,4802000.0,,,151000.0,,,548639000.0,64158000.0,1930000.0,17393000.0,3323000.0,55450000.0,,413286000.0,555371000.0,86635000.0,499921000.0,,157500000.0,159297027.0,160421655.0
Digital Realty Trust Inc,DLR,,1297996,2017.0,Q1TTM,2016-04-01,2017-03-31,,2.36,2.09,537758000.0,2.07,,8390000.0,,177408000.0,391749000.0,-236835000.0,319320000.0,5785000.0,-177408000.0,521178000.0,169349000.0,628584000.0,,9237000.0,,,1142553000.0,207097000.0,37632000.0,66644000.0,20014000.0,177408000.0,,1286047000.0,1225773000.0,-237682000.0,1048365000.0,-123761000.0,157500000.0,159297027.0,160421655.0
Digital Realty Trust Inc,DLR,,1297996,2018.0,FY,2018-01-01,2018-12-31,2020-03-02 17:20:37+00:00,1.21,1.21,1186896000.0,1.21,0.0,2084000.0,,321529000.0,341115000.0,341115000.0,249930000.0,9869000.0,-321529000.0,957065000.0,-1568000.0,0.0,,116509000.0,,,3046478000.0,307403000.0,,81316000.0,45327000.0,321529000.0,,2496691000.0,3044910000.0,226690000.0,2723381000.0,,206600000.0,206035408.0,206673471.0
Digital Realty Trust Inc,DLR,,1297996,2018.0,Q4,2018-10-01,2018-12-31,,0.14,0.14,299362000.0,0.14,,-5843000.0,,84883000.0,52597000.0,52597000.0,31230000.0,1038000.0,-84883000.0,255132000.0,-105344000.0,,,114134000.0,,,778267000.0,75009000.0,,20329000.0,25917000.0,84883000.0,,655420000.0,672923000.0,-67380000.0,588040000.0,,206600000.0,206035408.0,206673471.0
Digital Realty Trust Inc,DLR,,1297996,2018.0,Q3,2018-07-01,2018-09-30,2019-11-08 17:32:40+00:00,0.33,0.33,293957000.0,0.33,0.0,2432000.0,,80851000.0,90264000.0,90264000.0,67268000.0,2667000.0,-80851000.0,245971000.0,35463000.0,,,-981000.0,,,768924000.0,80305000.0,,20329000.0,9626000.0,80851000.0,,629859000.0,804387000.0,93677000.0,723536000.0,,203800000.0,206118472.0,206766256.0
Digital Realty Trust Inc,DLR,,1297996,2018.0,Q3YTD,2018-01-01,2018-09-30,,1.07,1.07,887534000.0,1.07,,7927000.0,,236646000.0,288518000.0,288518000.0,218700000.0,8831000.0,-236646000.0,701933000.0,103776000.0,,,2375000.0,,,2268211000.0,232394000.0,,60987000.0,19410000.0,236646000.0,,1841271000.0,2371987000.0,294070000.0,2135341000.0,,203800000.0,206118472.0,206766256.0
Digital Realty Trust Inc,DLR,,1297996,2018.0,Q3TTM,2017-10-01,2018-09-30,,1.3,1.3,1175507000.0,1.31,,8472000.0,,310635000.0,368176000.0,368176000.0,272006000.0,14854000.0,-310635000.0,927433000.0,74576000.0,,,68569000.0,,,3005226000.0,317487000.0,-5570000.0,81316000.0,35091000.0,310635000.0,,2455518000.0,3074232000.0,308079000.0,2763597000.0,,203800000.0,206118472.0,206766256.0
Digital Realty Trust Inc,DLR,,1297996,2018.0,Q2,2018-04-01,2018-06-30,2019-08-07 16:39:01+00:00,0.32,0.32,298788000.0,0.32,0.0,2121000.0,,78810000.0,88159000.0,88159000.0,65134000.0,2696000.0,-78810000.0,230322000.0,21630000.0,,,3398000.0,,,754919000.0,76141000.0,,20329000.0,5606000.0,78810000.0,,610857000.0,776549000.0,86882000.0,697739000.0,,203500000.0,205956005.0,206563079.0
Digital Realty Trust Inc,DLR,,1297996,2018.0,Q2YTD,2018-01-01,2018-06-30,,0.74,0.74,593577000.0,0.74,,5495000.0,,155795000.0,198254000.0,198254000.0,151432000.0,6164000.0,-155795000.0,455962000.0,68313000.0,,,3356000.0,,,1499287000.0,152089000.0,,40658000.0,9784000.0,155795000.0,,1211412000.0,1567600000.0,200393000.0,1411805000.0,,203500000.0,205956005.0,206563079.0
Digital Realty Trust Inc,DLR,,1297996,2018.0,Q2TTM,2017-07-01,2018-06-30,,0.95,0.95,1081464000.0,0.96,28992000.0,8534000.0,,301405000.0,290387000.0,290387000.0,200598000.0,12227000.0,-301405000.0,871523000.0,56733000.0,,,72363000.0,,,2844357000.0,319174000.0,-3700000.0,77562000.0,68274000.0,301405000.0,,2369427000.0,2897390000.0,226558000.0,2595985000.0,,203500000.0,205956005.0,206563079.0
Digital Realty Trust Inc,DLR,,1297996,2018.0,Q1,2018-01-01,2018-03-31,2019-05-09 18:56:40+00:00,0.42,0.42,294789000.0,0.42,0.0,3374000.0,,76985000.0,110095000.0,110095000.0,86298000.0,3468000.0,-76985000.0,225640000.0,46683000.0,,,-42000.0,,,744368000.0,75948000.0,,20329000.0,4178000.0,76985000.0,,600555000.0,791051000.0,113511000.0,714066000.0,,205500000.0,205714173.0,206507476.0
Digital Realty Trust Inc,DLR,,1297996,2018.0,Q1TTM,2017-04-01,2018-03-31,,0.99,0.99,960787000.0,1.0,28992000.0,9052000.0,,280177000.0,281799000.0,281799000.0,193301000.0,10451000.0,-280177000.0,815917000.0,43871000.0,,,69332000.0,,,2653657000.0,311303000.0,-1930000.0,78047000.0,76903000.0,280177000.0,,2193902000.0,2695598000.0,221519000.0,2415421000.0,,205500000.0,205714173.0,206507476.0
Digital Realty Trust Inc,DLR,,1297996,2019.0,Q4,2019-10-01,2019-12-31,,1.52,1.52,275008000.0,1.5,,-1731000.0,,80880000.0,349326000.0,349326000.0,315577000.0,13042000.0,-80880000.0,254161000.0,3090000.0,,,286452000.0,,,787463000.0,102255000.0,,20707000.0,17106000.0,80880000.0,,648530000.0,790553000.0,61143000.0,709673000.0,,208000000.0,208325823.0,209462247.0
Digital Realty Trust Inc,DLR,,1297996,2019.0,FY,2019-01-01,2019-12-31,2020-03-02 17:20:37+00:00,2.37,2.37,1163774000.0,2.35,5351000.0,11995000.0,,353057000.0,599221000.0,599221000.0,493011000.0,19460000.0,-353057000.0,1020578000.0,-39157000.0,,,409215000.0,,,3209241000.0,397398000.0,,86750000.0,27925000.0,353057000.0,,2615026000.0,3170084000.0,202001000.0,2817027000.0,,208000000.0,208325823.0,209462247.0
Digital Realty Trust Inc,DLR,,1297996,2019.0,Q3,2019-07-01,2019-09-30,2019-11-08 17:32:40+00:00,0.24,0.24,286718000.0,0.24,0.0,4826000.0,,84574000.0,67574000.0,67574000.0,49827000.0,1077000.0,-84574000.0,259431000.0,-24635000.0,,,16842000.0,,,806466000.0,91435000.0,,16670000.0,4115000.0,84574000.0,,641699000.0,781831000.0,55558000.0,697257000.0,,207600000.0,208421470.0,209801771.0
Digital Realty Trust Inc,DLR,,1297996,2019.0,Q3YTD,2019-01-01,2019-09-30,,0.85,0.85,888766000.0,0.85,5351000.0,13726000.0,,272177000.0,249895000.0,249895000.0,177434000.0,6418000.0,-272177000.0,766417000.0,-42247000.0,,,122763000.0,,,2421778000.0,295143000.0,,66043000.0,10819000.0,272177000.0,,1966496000.0,2379531000.0,140858000.0,2107354000.0,,207600000.0,208421470.0,209801771.0
Digital Realty Trust Inc,DLR,,1297996,2019.0,Q3TTM,2018-10-01,2019-09-30,,0.99,0.99,1188128000.0,0.99,5351000.0,7883000.0,,357060000.0,302492000.0,302492000.0,208664000.0,7456000.0,-357060000.0,1021549000.0,-147591000.0,,,236897000.0,,,3200045000.0,370152000.0,,86372000.0,36736000.0,357060000.0,,2621916000.0,3052454000.0,73478000.0,2695394000.0,,207600000.0,208421470.0,209801771.0
Digital Realty Trust Inc,DLR,,1297996,2019.0,Q2,2019-04-01,2019-06-30,2019-08-07 16:39:01+00:00,0.15,0.15,290562000.0,0.15,0.0,4634000.0,,86051000.0,61324000.0,61324000.0,31738000.0,1156000.0,-86051000.0,252032000.0,-13943000.0,,,16980000.0,,,800797000.0,105021000.0,,28430000.0,4210000.0,86051000.0,,651825000.0,786854000.0,48978000.0,700803000.0,,211600000.0,208284407.0,209435572.0
Digital Realty Trust Inc,DLR,,1297996,2019.0,Q2YTD,2019-01-01,2019-06-30,,0.61,0.61,602048000.0,0.61,5351000.0,8900000.0,,187603000.0,182321000.0,182321000.0,127607000.0,5341000.0,-187603000.0,506986000.0,-17612000.0,,,105921000.0,,,1615312000.0,203708000.0,,49373000.0,6704000.0,187603000.0,,1324797000.0,1597700000.0,85300000.0,1410097000.0,,211600000.0,208284407.0,209435572.0
Digital Realty Trust Inc,DLR,,1297996,2019.0,Q2TTM,2018-07-01,2019-06-30,,1.08,1.08,1195367000.0,1.08,5351000.0,5489000.0,,353337000.0,325182000.0,325182000.0,226105000.0,9046000.0,-353337000.0,1008089000.0,-87493000.0,,,219074000.0,,,3162503000.0,359022000.0,,90031000.0,42247000.0,353337000.0,,2610076000.0,3075010000.0,111597000.0,2721673000.0,,211600000.0,208284407.0,209435572.0
Digital Realty Trust Inc,DLR,,1297996,2019.0,Q1,2019-01-01,2019-03-31,2020-05-11 16:38:50+00:00,0.46,0.46,311486000.0,0.46,5351000.0,4266000.0,,101552000.0,120997000.0,120997000.0,95869000.0,4185000.0,-101552000.0,254954000.0,-3669000.0,,,88941000.0,,,814515000.0,98687000.0,,20943000.0,2494000.0,101552000.0,,672972000.0,810846000.0,36322000.0,709294000.0,,208400000.0,207809383.0,208526249.0
Digital Realty Trust Inc,DLR,,1297996,2019.0,Q1TTM,2018-04-01,2019-03-31,,1.25,1.25,1203593000.0,1.25,5351000.0,2976000.0,,346096000.0,352017000.0,352017000.0,259501000.0,10586000.0,-346096000.0,986379000.0,-51920000.0,,,205492000.0,,,3116625000.0,330142000.0,,81930000.0,43643000.0,346096000.0,,2569108000.0,3064705000.0,149501000.0,2718609000.0,,208400000.0,207809383.0,208526249.0
Digital Realty Trust Inc,DLR,,1297996,2020.0,Q1TTM,2019-04-01,2020-03-31,,2.82,2.82,1143745000.0,2.79,,14911000.0,,337305000.0,706922000.0,706922000.0,600001000.0,19959000.0,-337305000.0,1031332000.0,-115116000.0,,,621533000.0,,,3218063000.0,408033000.0,,86962000.0,82232000.0,337305000.0,,2665342000.0,3102947000.0,100300000.0,2765642000.0,,222900000.0,222163324.0,224474295.0
Digital Realty Trust Inc,DLR,,1297996,2020.0,Q1,2020-01-01,2020-03-31,2020-05-11 16:38:50+00:00,0.91,0.91,291457000.0,0.9,0.0,7182000.0,,85800000.0,228698000.0,228698000.0,202859000.0,4684000.0,-85800000.0,265708000.0,-79628000.0,,,301259000.0,,,823337000.0,109322000.0,,21155000.0,56801000.0,85800000.0,,723288000.0,743709000.0,-65379000.0,657909000.0,,222900000.0,222163324.0,224474295.0
