company_name,company_ticker,company_lei,company_cik,year,quarter,start_date,end_date,filing_date,amortizationexpense,basicdilutedeps,basiceps,cashdividendspershare,depreciationexpense,dilutedeps,impairmentexpense,incometaxexpense,investmentbankingincome,investmentsecuritiesinterestincome,longtermdebtinterestexpense,netincome,netincomecontinuing,netincomediscontinued,netincometocommon,netincometononcontrollinginterest,netinterestincome,netoccupancyequipmentexpense,netrealizedcapitalgains,nonoperatingincome,otheradjustmentstoconsolidatednetincome,othergains,otherinterestexpense,othernoninterestincome,otheroperatingexpenses,otherservicechargeincome,otherspecialcharges,salariesandemployeebenefitsexpense,totalinterestexpense,totalinterestincome,totalnoninterestexpense,totalnoninterestincome,totalpretaxincome,totalrevenue,weightedavebasicdilutedsharesos,weightedavebasicsharesos,weightedavedilutedsharesos
Aon PLC,AON,VVT2B79I2Z4U3R6BY589,315293,2007.0,FY,2007-01-01,2007-12-31,2010-02-26 16:16:58+00:00,,2.83,2.83,0.6,,2.66,,348000000.0,180000000.0,100000000.0,138000000.0,877000000.0,675000000.0,202000000.0,864000000.0,13000000.0,-38000000.0,,,,,58000000.0,,,1890000000.0,7054000000.0,,4341000000.0,138000000.0,100000000.0,6231000000.0,7234000000.0,965000000.0,7196000000.0,305300000.0,305000000.0,326900000.0
Aon PLC,AON,VVT2B79I2Z4U3R6BY589,315293,2008.0,FY,2008-01-01,2008-12-31,2010-02-26 16:16:58+00:00,,4.99,4.99,0.6,,4.8,,242000000.0,171000000.0,94000000.0,126000000.0,1478000000.0,637000000.0,841000000.0,1462000000.0,16000000.0,-32000000.0,,,,,-29000000.0,,,2007000000.0,7357000000.0,,4581000000.0,126000000.0,94000000.0,6588000000.0,7528000000.0,908000000.0,7496000000.0,293000000.0,292800000.0,304500000.0
Aon PLC,AON,VVT2B79I2Z4U3R6BY589,315293,2008.0,Q3,2008-07-01,2008-09-30,2009-11-03 16:20:28+00:00,,0.42,0.42,0.15,49000000.0,0.4,,59000000.0,,,32000000.0,121000000.0,159000000.0,-38000000.0,117000000.0,4000000.0,-32000000.0,-3000000.0,90000000.0,,,,,,419000000.0,1756000000.0,,1131000000.0,32000000.0,,1596000000.0,1846000000.0,218000000.0,1814000000.0,278600000.0,281700000.0,293900000.0
Aon PLC,AON,VVT2B79I2Z4U3R6BY589,315293,2008.0,Q2,2008-04-01,2008-06-30,2009-08-07 16:03:11+00:00,,3.82,3.82,0.15,58000000.0,3.71,,57000000.0,,,31000000.0,1136000000.0,169000000.0,967000000.0,1133000000.0,3000000.0,-31000000.0,,67000000.0,2000000.0,,,,,500000000.0,1889000000.0,,1143000000.0,31000000.0,,1701000000.0,1956000000.0,226000000.0,1925000000.0,296600000.0,289500000.0,305300000.0
Aon PLC,AON,VVT2B79I2Z4U3R6BY589,315293,2009.0,Q4,2009-10-01,2009-12-31,,,0.7,0.7,0.15,-114000000.0,0.68,,56000000.0,49000000.0,9000000.0,35000000.0,218000000.0,162000000.0,56000000.0,198000000.0,20000000.0,-26000000.0,,-49000000.0,,,25000000.0,,,621000000.0,2056000000.0,,1330000000.0,35000000.0,9000000.0,1837000000.0,2056000000.0,193000000.0,2030000000.0,283000000.0,283200000.0,291100000.0
Aon PLC,AON,VVT2B79I2Z4U3R6BY589,315293,2009.0,FY,2009-01-01,2009-12-31,2012-02-24 16:47:56+00:00,,2.64,2.64,0.6,,2.57,,268000000.0,74000000.0,16000000.0,122000000.0,792000000.0,681000000.0,111000000.0,747000000.0,45000000.0,-106000000.0,,,,,34000000.0,,,1977000000.0,7521000000.0,,4597000000.0,122000000.0,16000000.0,6574000000.0,7595000000.0,915000000.0,7489000000.0,283000000.0,283200000.0,291100000.0
Aon PLC,AON,VVT2B79I2Z4U3R6BY589,315293,2009.0,Q3,2009-07-01,2009-09-30,2009-11-03 16:20:28+00:00,,0.42,0.42,0.15,56000000.0,0.41,,47000000.0,,,32000000.0,134000000.0,131000000.0,3000000.0,120000000.0,14000000.0,-32000000.0,,28000000.0,,,1000000.0,,,424000000.0,1780000000.0,,1119000000.0,32000000.0,,1599000000.0,1808000000.0,177000000.0,1776000000.0,285700000.0,283800000.0,292100000.0
Aon PLC,AON,VVT2B79I2Z4U3R6BY589,315293,2009.0,Q3YTD,2009-01-01,2009-09-30,,,1.94,1.94,0.45,114000000.0,1.89,,212000000.0,25000000.0,7000000.0,87000000.0,574000000.0,519000000.0,55000000.0,549000000.0,25000000.0,-80000000.0,,49000000.0,,,9000000.0,,,1356000000.0,5465000000.0,,3267000000.0,87000000.0,7000000.0,4737000000.0,5539000000.0,722000000.0,5459000000.0,285700000.0,283800000.0,292100000.0
Aon PLC,AON,VVT2B79I2Z4U3R6BY589,315293,2009.0,Q2,2009-04-01,2009-06-30,2009-08-07 16:03:11+00:00,,0.53,0.53,0.15,58000000.0,0.52,,57000000.0,,,26000000.0,155000000.0,153000000.0,2000000.0,149000000.0,6000000.0,-26000000.0,,21000000.0,,,9000000.0,,,466000000.0,1864000000.0,,1134000000.0,26000000.0,,1658000000.0,1885000000.0,201000000.0,1859000000.0,281100000.0,278300000.0,289100000.0
Aon PLC,AON,VVT2B79I2Z4U3R6BY589,315293,2009.0,Q2YTD,2009-01-01,2009-06-30,,,1.52,1.52,0.3,58000000.0,1.48,,165000000.0,25000000.0,7000000.0,55000000.0,440000000.0,388000000.0,52000000.0,429000000.0,11000000.0,-48000000.0,,21000000.0,,,8000000.0,,,932000000.0,3685000000.0,,2148000000.0,55000000.0,7000000.0,3138000000.0,3731000000.0,545000000.0,3683000000.0,281100000.0,278300000.0,289100000.0
Aon PLC,AON,VVT2B79I2Z4U3R6BY589,315293,2009.0,Q1,2009-01-01,2009-03-31,2010-05-04 16:14:55+00:00,,0.99,0.99,0.15,,0.96,,108000000.0,25000000.0,7000000.0,29000000.0,285000000.0,235000000.0,50000000.0,280000000.0,5000000.0,-22000000.0,,,,,-1000000.0,,,466000000.0,1821000000.0,,1014000000.0,29000000.0,7000000.0,1480000000.0,1846000000.0,344000000.0,1824000000.0,282800000.0,284300000.0,292000000.0
Aon PLC,AON,VVT2B79I2Z4U3R6BY589,315293,2010.0,Q4,2010-10-01,2010-12-31,,,0.69,0.69,0.15,,0.69,,118000000.0,12000000.0,6000000.0,65000000.0,241000000.0,242000000.0,-1000000.0,231000000.0,10000000.0,-59000000.0,,,,,-21000000.0,,,754000000.0,2897000000.0,,1715000000.0,65000000.0,6000000.0,2469000000.0,2909000000.0,381000000.0,2850000000.0,292900000.0,293400000.0,298100000.0
Aon PLC,AON,VVT2B79I2Z4U3R6BY589,315293,2010.0,FY,2010-01-01,2010-12-31,2013-02-22 16:06:50+00:00,,2.41,2.41,0.6,,2.37,,300000000.0,55000000.0,15000000.0,182000000.0,732000000.0,759000000.0,-27000000.0,706000000.0,26000000.0,-167000000.0,,,,,-18000000.0,,,2171000000.0,8457000000.0,,5097000000.0,182000000.0,15000000.0,7268000000.0,8512000000.0,1077000000.0,8345000000.0,292900000.0,293400000.0,298100000.0
Aon PLC,AON,VVT2B79I2Z4U3R6BY589,315293,2010.0,Q3,2010-07-01,2010-09-30,2010-11-04 17:23:26+00:00,,0.52,0.52,0.15,,0.51,,61000000.0,15000000.0,4000000.0,50000000.0,147000000.0,147000000.0,,144000000.0,3000000.0,-46000000.0,,,,,-9000000.0,,,488000000.0,1786000000.0,,1050000000.0,50000000.0,4000000.0,1538000000.0,1801000000.0,217000000.0,1755000000.0,276900000.0,278700000.0,282200000.0
Aon PLC,AON,VVT2B79I2Z4U3R6BY589,315293,2010.0,Q3YTD,2010-01-01,2010-09-30,,,1.72,1.72,0.45,,1.68,,182000000.0,43000000.0,9000000.0,117000000.0,491000000.0,517000000.0,-26000000.0,475000000.0,16000000.0,-108000000.0,,,,,3000000.0,,,1417000000.0,5560000000.0,,3382000000.0,117000000.0,9000000.0,4799000000.0,5603000000.0,696000000.0,5495000000.0,276900000.0,278700000.0,282200000.0
Aon PLC,AON,VVT2B79I2Z4U3R6BY589,315293,2010.0,Q3TTM,2009-10-01,2010-09-30,,,2.42,2.42,0.6,-114000000.0,2.36,,238000000.0,92000000.0,18000000.0,152000000.0,709000000.0,679000000.0,30000000.0,673000000.0,36000000.0,-134000000.0,,-49000000.0,,,28000000.0,,,2038000000.0,7616000000.0,,4712000000.0,152000000.0,18000000.0,6636000000.0,7659000000.0,889000000.0,7525000000.0,276900000.0,278700000.0,282200000.0
Aon PLC,AON,VVT2B79I2Z4U3R6BY589,315293,2010.0,Q2,2010-04-01,2010-06-30,2010-08-06 16:01:17+00:00,,0.55,0.55,0.15,,0.54,,60000000.0,15000000.0,4000000.0,33000000.0,158000000.0,184000000.0,-26000000.0,153000000.0,5000000.0,-29000000.0,,,,,5000000.0,,,461000000.0,1883000000.0,,1169000000.0,33000000.0,4000000.0,1630000000.0,1898000000.0,239000000.0,1869000000.0,278200000.0,278400000.0,282600000.0
Aon PLC,AON,VVT2B79I2Z4U3R6BY589,315293,2010.0,Q2YTD,2010-01-01,2010-06-30,,,1.2,1.2,0.3,,1.17,,121000000.0,28000000.0,5000000.0,67000000.0,344000000.0,370000000.0,-26000000.0,331000000.0,13000000.0,-62000000.0,,,,,12000000.0,,,929000000.0,3774000000.0,,2332000000.0,67000000.0,5000000.0,3261000000.0,3802000000.0,479000000.0,3740000000.0,278200000.0,278400000.0,282600000.0
Aon PLC,AON,VVT2B79I2Z4U3R6BY589,315293,2010.0,Q2TTM,2009-07-01,2010-06-30,,,2.32,2.32,0.6,-58000000.0,2.26,,224000000.0,77000000.0,14000000.0,134000000.0,696000000.0,663000000.0,33000000.0,649000000.0,47000000.0,-120000000.0,,-21000000.0,,,38000000.0,,,1974000000.0,7610000000.0,,4781000000.0,134000000.0,14000000.0,6697000000.0,7666000000.0,849000000.0,7546000000.0,278200000.0,278400000.0,282600000.0
Aon PLC,AON,VVT2B79I2Z4U3R6BY589,315293,2010.0,Q1,2010-01-01,2010-03-31,2010-05-04 16:14:55+00:00,,0.65,0.65,0.15,,0.63,,61000000.0,13000000.0,1000000.0,34000000.0,186000000.0,186000000.0,,178000000.0,8000000.0,-33000000.0,,,,,7000000.0,,,468000000.0,1891000000.0,,1163000000.0,34000000.0,1000000.0,1631000000.0,1904000000.0,240000000.0,1871000000.0,273800000.0,275900000.0,283400000.0
Aon PLC,AON,VVT2B79I2Z4U3R6BY589,315293,2010.0,Q1TTM,2009-04-01,2010-03-31,,,2.3,2.3,0.6,,2.24,,221000000.0,62000000.0,10000000.0,127000000.0,693000000.0,632000000.0,61000000.0,645000000.0,48000000.0,-117000000.0,,,,,42000000.0,,,1979000000.0,7591000000.0,,4746000000.0,127000000.0,10000000.0,6725000000.0,7653000000.0,811000000.0,7536000000.0,273800000.0,275900000.0,283400000.0
Aon PLC,AON,VVT2B79I2Z4U3R6BY589,315293,2011.0,Q4,2011-10-01,2011-12-31,,,0.85,0.85,0.15,,0.82,,104000000.0,14000000.0,4000000.0,59000000.0,280000000.0,280000000.0,2000000.0,277000000.0,3000000.0,-55000000.0,,,,-2000000.0,14000000.0,,,845000000.0,2980000000.0,,1724000000.0,59000000.0,4000000.0,2569000000.0,2994000000.0,370000000.0,2939000000.0,335300000.0,335500000.0,340900000.0
Aon PLC,AON,VVT2B79I2Z4U3R6BY589,315293,2011.0,FY,2011-01-01,2011-12-31,2013-02-22 16:06:50+00:00,,2.92,2.92,0.6,,2.87,,378000000.0,52000000.0,18000000.0,245000000.0,1010000000.0,1006000000.0,4000000.0,979000000.0,31000000.0,-227000000.0,,,,,15000000.0,,,3124000000.0,11235000000.0,,6567000000.0,245000000.0,18000000.0,9691000000.0,11287000000.0,1369000000.0,11060000000.0,335300000.0,335500000.0,340900000.0
Aon PLC,AON,VVT2B79I2Z4U3R6BY589,315293,2011.0,Q3,2011-07-01,2011-09-30,2011-11-04 16:06:39+00:00,,0.59,0.59,0.15,,0.59,,84000000.0,15000000.0,4000000.0,60000000.0,208000000.0,208000000.0,,198000000.0,10000000.0,-56000000.0,,,,,7000000.0,,,748000000.0,2708000000.0,,1634000000.0,60000000.0,4000000.0,2382000000.0,2723000000.0,285000000.0,2667000000.0,335600000.0,332600000.0,336900000.0
Aon PLC,AON,VVT2B79I2Z4U3R6BY589,315293,2011.0,Q3YTD,2011-01-01,2011-09-30,,,2.07,2.07,0.45,,2.05,,274000000.0,38000000.0,14000000.0,186000000.0,730000000.0,726000000.0,2000000.0,702000000.0,28000000.0,-172000000.0,,,,2000000.0,1000000.0,,,2279000000.0,8255000000.0,,4843000000.0,186000000.0,14000000.0,7122000000.0,8293000000.0,999000000.0,8121000000.0,335600000.0,332600000.0,336900000.0
Aon PLC,AON,VVT2B79I2Z4U3R6BY589,315293,2011.0,Q3TTM,2010-10-01,2011-09-30,,,2.76,2.76,0.6,,2.74,,392000000.0,50000000.0,20000000.0,251000000.0,971000000.0,968000000.0,1000000.0,933000000.0,38000000.0,-231000000.0,,,,2000000.0,-20000000.0,,,3033000000.0,11152000000.0,,6558000000.0,251000000.0,20000000.0,9591000000.0,11202000000.0,1380000000.0,10971000000.0,335600000.0,332600000.0,336900000.0
Aon PLC,AON,VVT2B79I2Z4U3R6BY589,315293,2011.0,Q2,2011-04-01,2011-06-30,2011-08-04 16:37:47+00:00,,0.76,0.76,0.15,,0.75,,87000000.0,12000000.0,4000000.0,63000000.0,267000000.0,265000000.0,2000000.0,258000000.0,9000000.0,-59000000.0,,,,,-23000000.0,,,765000000.0,2799000000.0,,1612000000.0,63000000.0,4000000.0,2377000000.0,2811000000.0,375000000.0,2752000000.0,339500000.0,337700000.0,342700000.0
Aon PLC,AON,VVT2B79I2Z4U3R6BY589,315293,2011.0,Q2YTD,2011-01-01,2011-06-30,,,1.48,1.48,0.3,,1.46,,190000000.0,23000000.0,10000000.0,126000000.0,522000000.0,518000000.0,2000000.0,504000000.0,18000000.0,-116000000.0,,,,2000000.0,-6000000.0,,,1531000000.0,5547000000.0,,3209000000.0,126000000.0,10000000.0,4740000000.0,5570000000.0,714000000.0,5454000000.0,339500000.0,337700000.0,342700000.0
Aon PLC,AON,VVT2B79I2Z4U3R6BY589,315293,2011.0,Q2TTM,2010-07-01,2011-06-30,,,2.69,2.69,0.6,,2.66,,369000000.0,50000000.0,20000000.0,241000000.0,910000000.0,907000000.0,1000000.0,879000000.0,31000000.0,-221000000.0,,,,2000000.0,-36000000.0,,,2773000000.0,10230000000.0,,5974000000.0,241000000.0,20000000.0,8747000000.0,10280000000.0,1312000000.0,10059000000.0,339500000.0,337700000.0,342700000.0
Aon PLC,AON,VVT2B79I2Z4U3R6BY589,315293,2011.0,Q1,2011-01-01,2011-03-31,2011-05-05 16:36:32+00:00,,0.72,0.72,0.15,,0.71,,103000000.0,11000000.0,6000000.0,63000000.0,255000000.0,253000000.0,,246000000.0,9000000.0,-57000000.0,,,,2000000.0,17000000.0,,,766000000.0,2748000000.0,,1597000000.0,63000000.0,6000000.0,2363000000.0,2759000000.0,339000000.0,2702000000.0,341700000.0,339400000.0,345400000.0
Aon PLC,AON,VVT2B79I2Z4U3R6BY589,315293,2011.0,Q1TTM,2010-04-01,2011-03-31,,,2.48,2.48,0.6,,2.45,,342000000.0,53000000.0,20000000.0,211000000.0,801000000.0,826000000.0,-27000000.0,774000000.0,27000000.0,-191000000.0,,,,2000000.0,-8000000.0,,,2469000000.0,9314000000.0,,5531000000.0,211000000.0,20000000.0,8000000000.0,9367000000.0,1176000000.0,9176000000.0,341700000.0,339400000.0,345400000.0
Aon PLC,AON,VVT2B79I2Z4U3R6BY589,315293,2012.0,FY,2012-01-01,2012-12-31,2014-02-18 17:15:50+00:00,,3.02,3.02,0.62,,2.99,,360000000.0,38000000.0,10000000.0,228000000.0,1020000000.0,1022000000.0,,993000000.0,27000000.0,-218000000.0,,,,,2000000.0,,,3209000000.0,11476000000.0,,6709000000.0,228000000.0,10000000.0,9918000000.0,11514000000.0,1380000000.0,11296000000.0,328800000.0,328500000.0,332600000.0
Aon PLC,AON,VVT2B79I2Z4U3R6BY589,315293,2012.0,Q4,2012-10-01,2012-12-31,,,1.66,1.66,0.15,,1.64,,103000000.0,7000000.0,4000000.0,55000000.0,307000000.0,310000000.0,1000000.0,305000000.0,2000000.0,-51000000.0,,,,-4000000.0,1000000.0,,,865000000.0,3108000000.0,,1789000000.0,55000000.0,4000000.0,2654000000.0,3115000000.0,412000000.0,3064000000.0,328800000.0,328500000.0,332600000.0
Aon PLC,AON,VVT2B79I2Z4U3R6BY589,315293,2012.0,Q3,2012-07-01,2012-09-30,2012-10-31 16:08:22+00:00,,0.62,0.62,0.16,,0.62,,64000000.0,11000000.0,1000000.0,57000000.0,210000000.0,210000000.0,,204000000.0,6000000.0,-56000000.0,,,,,-9000000.0,,,778000000.0,2726000000.0,,1620000000.0,57000000.0,1000000.0,2398000000.0,2737000000.0,283000000.0,2681000000.0,329000000.0,327300000.0,331000000.0
Aon PLC,AON,VVT2B79I2Z4U3R6BY589,315293,2012.0,Q3YTD,2012-01-01,2012-09-30,,,1.36,1.36,0.47,,1.35,,257000000.0,31000000.0,6000000.0,173000000.0,713000000.0,714000000.0,-1000000.0,688000000.0,25000000.0,-167000000.0,,,,,3000000.0,,,2344000000.0,8368000000.0,,4920000000.0,173000000.0,6000000.0,7264000000.0,8399000000.0,968000000.0,8232000000.0,329000000.0,327300000.0,331000000.0
Aon PLC,AON,VVT2B79I2Z4U3R6BY589,315293,2012.0,Q3TTM,2011-10-01,2012-09-30,,,2.21,2.21,0.62,,2.17,,361000000.0,45000000.0,10000000.0,232000000.0,993000000.0,994000000.0,1000000.0,965000000.0,28000000.0,-222000000.0,,,,-2000000.0,17000000.0,,,3189000000.0,11348000000.0,,6644000000.0,232000000.0,10000000.0,9833000000.0,11393000000.0,1338000000.0,11171000000.0,329000000.0,327300000.0,331000000.0
Aon PLC,AON,VVT2B79I2Z4U3R6BY589,315293,2012.0,Q2,2012-04-01,2012-06-30,2012-08-08 17:01:33+00:00,,0.74,0.74,0.16,,0.73,,96000000.0,8000000.0,2000000.0,57000000.0,254000000.0,255000000.0,-1000000.0,246000000.0,8000000.0,-55000000.0,,,,,12000000.0,,,788000000.0,2813000000.0,,1639000000.0,57000000.0,2000000.0,2427000000.0,2821000000.0,339000000.0,2766000000.0,332400000.0,332000000.0,335600000.0
Aon PLC,AON,VVT2B79I2Z4U3R6BY589,315293,2012.0,Q2YTD,2012-01-01,2012-06-30,,,0.74,0.74,0.31,,0.73,,193000000.0,20000000.0,5000000.0,116000000.0,503000000.0,504000000.0,-1000000.0,484000000.0,19000000.0,-111000000.0,,,,,12000000.0,,,1566000000.0,5642000000.0,,3300000000.0,116000000.0,5000000.0,4866000000.0,5662000000.0,685000000.0,5551000000.0,332400000.0,332000000.0,335600000.0
Aon PLC,AON,VVT2B79I2Z4U3R6BY589,315293,2012.0,Q2TTM,2011-07-01,2012-06-30,,,2.18,2.18,0.61,,2.14,,381000000.0,49000000.0,13000000.0,235000000.0,991000000.0,992000000.0,1000000.0,959000000.0,32000000.0,-222000000.0,,,,-2000000.0,33000000.0,,,3159000000.0,11330000000.0,,6658000000.0,235000000.0,13000000.0,9817000000.0,11379000000.0,1340000000.0,11157000000.0,332400000.0,332000000.0,335600000.0
Aon PLC,AON,VVT2B79I2Z4U3R6BY589,315293,2012.0,Q1,2012-01-01,2012-03-31,2013-05-01 17:06:05+00:00,,,,0.15,,,,97000000.0,12000000.0,3000000.0,59000000.0,249000000.0,249000000.0,,238000000.0,11000000.0,-56000000.0,,,,,0.0,,,778000000.0,2829000000.0,,1661000000.0,59000000.0,3000000.0,2439000000.0,2841000000.0,346000000.0,2785000000.0,,332400000.0,336600000.0
Aon PLC,AON,VVT2B79I2Z4U3R6BY589,315293,2012.0,Q1TTM,2011-04-01,2012-03-31,,,2.2,2.2,0.6,,2.16,,372000000.0,53000000.0,15000000.0,241000000.0,1004000000.0,1002000000.0,4000000.0,971000000.0,33000000.0,-226000000.0,,,,-2000000.0,-2000000.0,,,3136000000.0,11316000000.0,,6631000000.0,241000000.0,15000000.0,9767000000.0,11369000000.0,1376000000.0,11143000000.0,,332400000.0,336600000.0
Aon PLC,AON,VVT2B79I2Z4U3R6BY589,315293,2013.0,Q4,2013-10-01,2013-12-31,,,1.97,1.97,0.16,,1.95,,115000000.0,7000000.0,8000000.0,158000000.0,360000000.0,360000000.0,,355000000.0,5000000.0,-150000000.0,,,,,42000000.0,,,784000000.0,3202000000.0,,1842000000.0,158000000.0,8000000.0,2626000000.0,3209000000.0,433000000.0,3059000000.0,311800000.0,311400000.0,315400000.0
Aon PLC,AON,VVT2B79I2Z4U3R6BY589,315293,2013.0,FY,2013-01-01,2013-12-31,2015-02-23 18:02:59+00:00,,3.57,3.57,0.68,,3.53,,390000000.0,28000000.0,9000000.0,210000000.0,1148000000.0,1148000000.0,,1113000000.0,35000000.0,-201000000.0,,,,,,,,3131000000.0,11787000000.0,,6945000000.0,210000000.0,9000000.0,10076000000.0,11815000000.0,1538000000.0,11614000000.0,311800000.0,311400000.0,315400000.0
Aon PLC,AON,VVT2B79I2Z4U3R6BY589,315293,2013.0,Q3,2013-07-01,2013-09-30,2014-10-31 16:37:56+00:00,,0.83,0.83,0.18,,0.82,,89000000.0,8000000.0,,,264000000.0,264000000.0,,256000000.0,8000000.0,,,,,,-11000000.0,,,764000000.0,2786000000.0,,1666000000.0,,,2430000000.0,2794000000.0,364000000.0,2794000000.0,308400000.0,309500000.0,312900000.0
Aon PLC,AON,VVT2B79I2Z4U3R6BY589,315293,2013.0,Q3YTD,2013-01-01,2013-09-30,,,1.6,1.6,0.52,,1.58,,275000000.0,21000000.0,1000000.0,52000000.0,788000000.0,788000000.0,,758000000.0,30000000.0,-51000000.0,,,,,-42000000.0,,,2347000000.0,8585000000.0,,5103000000.0,52000000.0,1000000.0,7450000000.0,8606000000.0,1105000000.0,8555000000.0,308400000.0,309500000.0,312900000.0
Aon PLC,AON,VVT2B79I2Z4U3R6BY589,315293,2013.0,Q3TTM,2012-10-01,2013-09-30,,,3.26,3.26,0.67,,3.22,,378000000.0,28000000.0,5000000.0,107000000.0,1095000000.0,1096000000.0,1000000.0,1063000000.0,32000000.0,-102000000.0,,,,,-43000000.0,,,3212000000.0,11693000000.0,,6892000000.0,107000000.0,5000000.0,10104000000.0,11721000000.0,1517000000.0,11619000000.0,308400000.0,309500000.0,312900000.0
Aon PLC,AON,VVT2B79I2Z4U3R6BY589,315293,2013.0,Q2,2013-04-01,2013-06-30,2014-07-25 16:09:32+00:00,,0.77,0.77,0.18,,0.76,,90000000.0,6000000.0,,,252000000.0,252000000.0,,241000000.0,11000000.0,,,,,,-40000000.0,,,803000000.0,2891000000.0,,1712000000.0,,,2515000000.0,2897000000.0,382000000.0,2897000000.0,313000000.0,313700000.0,317100000.0
Aon PLC,AON,VVT2B79I2Z4U3R6BY589,315293,2013.0,Q2YTD,2013-01-01,2013-06-30,,,0.77,0.77,0.34,,0.76,,186000000.0,13000000.0,1000000.0,52000000.0,524000000.0,524000000.0,,502000000.0,22000000.0,-51000000.0,,,,,-31000000.0,,,1583000000.0,5799000000.0,,3437000000.0,52000000.0,1000000.0,5020000000.0,5812000000.0,741000000.0,5761000000.0,313000000.0,313700000.0,317100000.0
Aon PLC,AON,VVT2B79I2Z4U3R6BY589,315293,2013.0,Q2TTM,2012-07-01,2013-06-30,,,3.05,3.05,0.65,,3.02,,353000000.0,31000000.0,6000000.0,164000000.0,1041000000.0,1042000000.0,1000000.0,1011000000.0,30000000.0,-158000000.0,,,,,-41000000.0,,,3226000000.0,11633000000.0,,6846000000.0,164000000.0,6000000.0,10072000000.0,11664000000.0,1436000000.0,11506000000.0,313000000.0,313700000.0,317100000.0
Aon PLC,AON,VVT2B79I2Z4U3R6BY589,315293,2013.0,Q1,2013-01-01,2013-03-31,2013-05-01 17:06:05+00:00,,,,0.16,,,,96000000.0,7000000.0,1000000.0,52000000.0,272000000.0,272000000.0,,261000000.0,11000000.0,-51000000.0,,,,,9000000.0,,,780000000.0,2908000000.0,,1725000000.0,52000000.0,1000000.0,2505000000.0,2915000000.0,359000000.0,2864000000.0,,316400000.0,320000000.0
Aon PLC,AON,VVT2B79I2Z4U3R6BY589,315293,2013.0,Q1TTM,2012-04-01,2013-03-31,,,3.02,3.02,0.63,,2.99,,359000000.0,33000000.0,8000000.0,221000000.0,1043000000.0,1045000000.0,,1016000000.0,27000000.0,-213000000.0,,,,,11000000.0,,,3211000000.0,11555000000.0,,6773000000.0,221000000.0,8000000.0,9984000000.0,11588000000.0,1393000000.0,11375000000.0,,316400000.0,320000000.0
Aon PLC,AON,VVT2B79I2Z4U3R6BY589,315293,2014.0,FY,2014-01-01,2014-12-31,2017-02-23 16:32:21+00:00,,4.73,4.73,0.92,,4.66,,334000000.0,26000000.0,10000000.0,255000000.0,1431000000.0,1431000000.0,,1397000000.0,34000000.0,-245000000.0,,,,,,,,3021000000.0,12019000000.0,,7014000000.0,255000000.0,10000000.0,10035000000.0,12045000000.0,1765000000.0,11800000000.0,295300000.0,295500000.0,299600000.0
Aon PLC,AON,VVT2B79I2Z4U3R6BY589,315293,2014.0,Q4,2014-10-01,2014-12-31,,,2.6,2.6,0.49,,2.56,,181000000.0,13000000.0,8000000.0,197000000.0,467000000.0,780000000.0,,459000000.0,8000000.0,-189000000.0,,,,-313000000.0,26000000.0,,,1538000000.0,6205000000.0,,3556000000.0,197000000.0,8000000.0,5094000000.0,6218000000.0,935000000.0,6029000000.0,295300000.0,295500000.0,299600000.0
Aon PLC,AON,VVT2B79I2Z4U3R6BY589,315293,2014.0,Q3YTD,2014-01-01,2014-09-30,,,2.13,2.13,0.43,,2.1,,153000000.0,13000000.0,2000000.0,58000000.0,964000000.0,651000000.0,,938000000.0,26000000.0,-56000000.0,,,,313000000.0,-26000000.0,,,1483000000.0,5814000000.0,,3458000000.0,58000000.0,2000000.0,4941000000.0,5827000000.0,830000000.0,5771000000.0,291500000.0,292300000.0,296100000.0
Aon PLC,AON,VVT2B79I2Z4U3R6BY589,315293,2014.0,Q3TTM,2013-10-01,2014-09-30,,,4.1,4.1,0.59,,4.05,,268000000.0,20000000.0,10000000.0,216000000.0,1324000000.0,1011000000.0,,1293000000.0,31000000.0,-206000000.0,,,,313000000.0,16000000.0,,,2267000000.0,9016000000.0,,5300000000.0,216000000.0,10000000.0,7567000000.0,9036000000.0,1263000000.0,8830000000.0,291500000.0,292300000.0,296100000.0
Aon PLC,AON,VVT2B79I2Z4U3R6BY589,315293,2014.0,Q3,2014-07-01,2014-09-30,2015-10-30 16:54:08+00:00,,1.06,1.06,0.25,,1.04,,75000000.0,7000000.0,,,315000000.0,315000000.0,,309000000.0,6000000.0,,,,,,-27000000.0,,,756000000.0,2873000000.0,,1707000000.0,,,2463000000.0,2880000000.0,417000000.0,2880000000.0,291500000.0,292300000.0,296100000.0
Aon PLC,AON,VVT2B79I2Z4U3R6BY589,315293,2014.0,Q2YTD,2014-01-01,2014-06-30,,,2.09,2.09,0.43,,2.07,,145000000.0,12000000.0,4000000.0,123000000.0,649000000.0,649000000.0,,629000000.0,20000000.0,-119000000.0,,,,,-1000000.0,,,1493000000.0,5854000000.0,,3459000000.0,123000000.0,4000000.0,4952000000.0,5866000000.0,795000000.0,5747000000.0,298000000.0,298500000.0,301600000.0
Aon PLC,AON,VVT2B79I2Z4U3R6BY589,315293,2014.0,Q2TTM,2013-07-01,2014-06-30,,,4.07,4.07,0.77,,4.02,,349000000.0,27000000.0,12000000.0,281000000.0,1273000000.0,1273000000.0,,1240000000.0,33000000.0,-269000000.0,,,,,30000000.0,,,3041000000.0,11842000000.0,,6967000000.0,281000000.0,12000000.0,10008000000.0,11869000000.0,1592000000.0,11600000000.0,298000000.0,298500000.0,301600000.0
Aon PLC,AON,VVT2B79I2Z4U3R6BY589,315293,2014.0,Q1,2014-01-01,2014-03-31,2014-04-25 16:41:17+00:00,,1.07,1.07,0.18,,1.06,,78000000.0,6000000.0,2000000.0,58000000.0,336000000.0,336000000.0,,325000000.0,11000000.0,-56000000.0,,,,,1000000.0,,,727000000.0,2941000000.0,,1751000000.0,58000000.0,2000000.0,2478000000.0,2947000000.0,413000000.0,2891000000.0,303700000.0,303500000.0,307200000.0
Aon PLC,AON,VVT2B79I2Z4U3R6BY589,315293,2014.0,Q1TTM,2013-04-01,2014-03-31,,,4.64,4.64,0.7,,4.59,,372000000.0,27000000.0,10000000.0,216000000.0,1212000000.0,1212000000.0,,1177000000.0,35000000.0,-206000000.0,,,,,-8000000.0,,,3078000000.0,11820000000.0,,6971000000.0,216000000.0,10000000.0,10049000000.0,11847000000.0,1592000000.0,11641000000.0,303700000.0,303500000.0,307200000.0
Aon PLC,AON,VVT2B79I2Z4U3R6BY589,315293,2015.0,FY,2015-01-01,2015-12-31,2018-02-20 17:30:16+00:00,173000000.0,4.93,4.93,1.15,164000000.0,4.88,,175000000.0,,14000000.0,273000000.0,1422000000.0,1253000000.0,169000000.0,1385000000.0,37000000.0,-259000000.0,751000000.0,,,,,,,1100000000.0,9480000000.0,,5605000000.0,273000000.0,14000000.0,7793000000.0,9480000000.0,1428000000.0,9221000000.0,280900000.0,280800000.0,283800000.0
Aon PLC,AON,VVT2B79I2Z4U3R6BY589,315293,2015.0,Q4,2015-10-01,2015-12-31,,173000000.0,2.1,2.1,0.3,164000000.0,2.08,,20000000.0,-16000000.0,14000000.0,273000000.0,590000000.0,421000000.0,169000000.0,584000000.0,6000000.0,-259000000.0,751000000.0,,,,144000000.0,,,-1183000000.0,1102000000.0,,625000000.0,273000000.0,14000000.0,530000000.0,1086000000.0,297000000.0,827000000.0,280900000.0,280800000.0,283800000.0
Aon PLC,AON,VVT2B79I2Z4U3R6BY589,315293,2015.0,Q3,2015-07-01,2015-09-30,2016-10-28 16:50:19+00:00,,1.05,1.05,0.3,,1.04,,49000000.0,6000000.0,,,303000000.0,303000000.0,,295000000.0,8000000.0,,,,,,-61000000.0,,,685000000.0,2736000000.0,,1644000000.0,,,2329000000.0,2742000000.0,413000000.0,2742000000.0,281000000.0,280900000.0,283800000.0
Aon PLC,AON,VVT2B79I2Z4U3R6BY589,315293,2015.0,Q3YTD,2015-01-01,2015-09-30,,,2.83,2.83,0.85,,2.8,,155000000.0,16000000.0,,,832000000.0,832000000.0,,801000000.0,31000000.0,,,,,,-144000000.0,,,2283000000.0,8378000000.0,,4980000000.0,,,7263000000.0,8394000000.0,1131000000.0,8394000000.0,281000000.0,280900000.0,283800000.0
Aon PLC,AON,VVT2B79I2Z4U3R6BY589,315293,2015.0,Q3TTM,2014-10-01,2015-09-30,,,5.43,5.43,1.34,,5.36,,336000000.0,29000000.0,8000000.0,197000000.0,1299000000.0,1612000000.0,,1260000000.0,39000000.0,-189000000.0,,,,-313000000.0,-118000000.0,,,3821000000.0,14583000000.0,,8536000000.0,197000000.0,8000000.0,12357000000.0,14612000000.0,2066000000.0,14423000000.0,281000000.0,280900000.0,283800000.0
Aon PLC,AON,VVT2B79I2Z4U3R6BY589,315293,2015.0,Q2,2015-04-01,2015-06-30,2016-07-29 17:27:40+00:00,,0.63,0.63,0.3,,0.62,,26000000.0,5000000.0,,,188000000.0,188000000.0,,178000000.0,10000000.0,,,,,,-63000000.0,,,875000000.0,2800000000.0,,1653000000.0,,,2528000000.0,2805000000.0,277000000.0,2805000000.0,282500000.0,284500000.0,286700000.0
Aon PLC,AON,VVT2B79I2Z4U3R6BY589,315293,2015.0,Q2YTD,2015-01-01,2015-06-30,,,1.78,1.78,0.55,,1.76,,106000000.0,10000000.0,,,529000000.0,529000000.0,,506000000.0,23000000.0,,,,,,-83000000.0,,,1598000000.0,5642000000.0,,3336000000.0,,,4934000000.0,5652000000.0,718000000.0,5652000000.0,282500000.0,284500000.0,286700000.0
Aon PLC,AON,VVT2B79I2Z4U3R6BY589,315293,2015.0,Q2TTM,2014-07-01,2015-06-30,,,5.44,5.44,1.29,,5.36,,362000000.0,30000000.0,8000000.0,197000000.0,1311000000.0,1624000000.0,,1274000000.0,37000000.0,-189000000.0,,,,-313000000.0,-84000000.0,,,3892000000.0,14720000000.0,,8599000000.0,197000000.0,8000000.0,12491000000.0,14750000000.0,2070000000.0,14561000000.0,282500000.0,284500000.0,286700000.0
Aon PLC,AON,VVT2B79I2Z4U3R6BY589,315293,2015.0,Q1,2015-01-01,2015-03-31,2016-04-29 17:16:23+00:00,,1.15,1.15,0.25,,1.14,,80000000.0,5000000.0,,,341000000.0,341000000.0,,328000000.0,13000000.0,,,,,,-20000000.0,,,723000000.0,2842000000.0,,1683000000.0,,,2406000000.0,2847000000.0,441000000.0,2847000000.0,285200000.0,284200000.0,287100000.0
Aon PLC,AON,VVT2B79I2Z4U3R6BY589,315293,2015.0,Q1TTM,2014-04-01,2015-03-31,,,4.81,4.81,0.99,,4.74,,336000000.0,25000000.0,8000000.0,197000000.0,1436000000.0,1436000000.0,,1400000000.0,36000000.0,-189000000.0,,,,,-21000000.0,,,3017000000.0,11920000000.0,,6946000000.0,197000000.0,8000000.0,9963000000.0,11945000000.0,1793000000.0,11756000000.0,285200000.0,284200000.0,287100000.0
Aon PLC,AON,VVT2B79I2Z4U3R6BY589,315293,2016.0,FY,2016-01-01,2016-12-31,2019-02-19 17:09:03+00:00,157000000.0,5.21,5.21,1.29,162000000.0,5.16,,148000000.0,,9000000.0,282000000.0,1430000000.0,1253000000.0,177000000.0,1396000000.0,34000000.0,-273000000.0,729000000.0,,,,,,,1173000000.0,9409000000.0,,5514000000.0,282000000.0,9000000.0,7735000000.0,9409000000.0,1401000000.0,9136000000.0,267900000.0,268100000.0,270300000.0
Aon PLC,AON,VVT2B79I2Z4U3R6BY589,315293,2016.0,Q4,2016-10-01,2016-12-31,,40000000.0,1.7,1.7,-0.96,44000000.0,1.68,,21000000.0,,3000000.0,282000000.0,459000000.0,384000000.0,75000000.0,452000000.0,7000000.0,-67000000.0,191000000.0,,-27000000.0,,,-212000000.0,,403000000.0,2650000000.0,,1473000000.0,70000000.0,3000000.0,2151000000.0,2650000000.0,405000000.0,2583000000.0,267900000.0,268100000.0,270300000.0
Aon PLC,AON,VVT2B79I2Z4U3R6BY589,315293,2016.0,Q3,2016-07-01,2016-09-30,2017-10-27 16:38:43+00:00,42000000.0,1.19,1.19,0.33,39000000.0,1.18,,25000000.0,,1000000.0,,326000000.0,284000000.0,42000000.0,319000000.0,7000000.0,-69000000.0,185000000.0,,10000000.0,,,70000000.0,,267000000.0,2201000000.0,,1300000000.0,70000000.0,1000000.0,1833000000.0,2201000000.0,309000000.0,2132000000.0,268100000.0,267500000.0,269600000.0
Aon PLC,AON,VVT2B79I2Z4U3R6BY589,315293,2016.0,Q3YTD,2016-01-01,2016-09-30,,117000000.0,3.51,3.51,0.96,118000000.0,3.48,,127000000.0,,6000000.0,,971000000.0,869000000.0,102000000.0,944000000.0,27000000.0,-206000000.0,538000000.0,,27000000.0,,,212000000.0,,770000000.0,6759000000.0,,4041000000.0,212000000.0,6000000.0,5584000000.0,6759000000.0,996000000.0,6553000000.0,268100000.0,267500000.0,269600000.0
Aon PLC,AON,VVT2B79I2Z4U3R6BY589,315293,2016.0,Q3TTM,2015-10-01,2016-09-30,,290000000.0,5.61,5.61,1.26,282000000.0,5.56,,147000000.0,-16000000.0,20000000.0,273000000.0,1561000000.0,1290000000.0,271000000.0,1528000000.0,33000000.0,-465000000.0,1289000000.0,,27000000.0,,144000000.0,212000000.0,,-413000000.0,7861000000.0,,4666000000.0,485000000.0,20000000.0,6114000000.0,7845000000.0,1293000000.0,7380000000.0,268100000.0,267500000.0,269600000.0
Aon PLC,AON,VVT2B79I2Z4U3R6BY589,315293,2016.0,Q2,2016-04-01,2016-06-30,2017-08-04 17:12:50+00:00,38000000.0,1.12,1.12,0.33,41000000.0,1.11,,43000000.0,,3000000.0,,308000000.0,273000000.0,35000000.0,300000000.0,8000000.0,-70000000.0,188000000.0,,-1000000.0,,,73000000.0,,232000000.0,2282000000.0,,1396000000.0,73000000.0,3000000.0,1895000000.0,2282000000.0,316000000.0,2212000000.0,267900000.0,268000000.0,269800000.0
Aon PLC,AON,VVT2B79I2Z4U3R6BY589,315293,2016.0,Q2YTD,2016-01-01,2016-06-30,,75000000.0,2.32,2.32,0.63,79000000.0,2.3,,102000000.0,,5000000.0,,645000000.0,585000000.0,60000000.0,625000000.0,20000000.0,-137000000.0,353000000.0,,17000000.0,,,142000000.0,,503000000.0,4558000000.0,,2741000000.0,142000000.0,5000000.0,3751000000.0,4558000000.0,687000000.0,4421000000.0,267900000.0,268000000.0,269800000.0
Aon PLC,AON,VVT2B79I2Z4U3R6BY589,315293,2016.0,Q2TTM,2015-07-01,2016-06-30,,248000000.0,5.47,5.47,1.23,243000000.0,5.42,,171000000.0,-10000000.0,19000000.0,273000000.0,1538000000.0,1309000000.0,229000000.0,1504000000.0,34000000.0,-396000000.0,1104000000.0,,17000000.0,,83000000.0,142000000.0,,5000000.0,8396000000.0,,5010000000.0,415000000.0,19000000.0,6610000000.0,8386000000.0,1397000000.0,7990000000.0,267900000.0,268000000.0,269800000.0
Aon PLC,AON,VVT2B79I2Z4U3R6BY589,315293,2016.0,Q1,2016-01-01,2016-03-31,2017-05-09 17:25:20+00:00,37000000.0,1.2,1.2,0.3,38000000.0,1.19,,59000000.0,,2000000.0,,337000000.0,312000000.0,25000000.0,325000000.0,12000000.0,-67000000.0,165000000.0,,18000000.0,,,69000000.0,,271000000.0,2276000000.0,,1345000000.0,69000000.0,2000000.0,1856000000.0,2276000000.0,371000000.0,2209000000.0,270800000.0,271700000.0,273700000.0
Aon PLC,AON,VVT2B79I2Z4U3R6BY589,315293,2016.0,Q1TTM,2015-04-01,2016-03-31,,210000000.0,4.98,4.98,1.2,202000000.0,4.93,,154000000.0,-5000000.0,16000000.0,273000000.0,1418000000.0,1224000000.0,194000000.0,1382000000.0,36000000.0,-326000000.0,916000000.0,,18000000.0,,20000000.0,69000000.0,,648000000.0,8914000000.0,,5267000000.0,342000000.0,16000000.0,7243000000.0,8909000000.0,1358000000.0,8583000000.0,270800000.0,271700000.0,273700000.0
Aon PLC,AON,VVT2B79I2Z4U3R6BY589,315293,2017.0,FY,2017-01-01,2017-12-31,2020-02-14 16:40:54+00:00,,4.74,4.74,1.41,187000000.0,4.7,704000000.0,250000000.0,,27000000.0,282000000.0,1263000000.0,435000000.0,828000000.0,1226000000.0,37000000.0,-255000000.0,767000000.0,,,,-125000000.0,,,1272000000.0,,-9998000000.0,6003000000.0,282000000.0,27000000.0,-1065000000.0,,810000000.0,-255000000.0,258600000.0,258500000.0,260700000.0
Aon PLC,AON,VVT2B79I2Z4U3R6BY589,315293,2017.0,Q4,2017-10-01,2017-12-31,,-604000000.0,-0.01,-0.01,0.36,39000000.0,-0.04,704000000.0,389000000.0,,7000000.0,282000000.0,-12000000.0,17000000.0,-29000000.0,-19000000.0,7000000.0,-64000000.0,213000000.0,,-6000000.0,,-125000000.0,-211000000.0,-4749000000.0,316000000.0,-2340000000.0,-9998000000.0,1640000000.0,71000000.0,7000000.0,-7690000000.0,-7089000000.0,531000000.0,-7153000000.0,258600000.0,258500000.0,260700000.0
Aon PLC,AON,VVT2B79I2Z4U3R6BY589,315293,2017.0,Q3,2017-07-01,2017-09-30,2018-10-26 16:27:13+00:00,101000000.0,0.72,0.72,0.36,40000000.0,0.72,,4000000.0,,10000000.0,,192000000.0,196000000.0,-4000000.0,185000000.0,7000000.0,-60000000.0,198000000.0,,4000000.0,,,70000000.0,,317000000.0,2340000000.0,,1428000000.0,70000000.0,10000000.0,2084000000.0,2340000000.0,200000000.0,2280000000.0,256900000.0,255600000.0,257300000.0
Aon PLC,AON,VVT2B79I2Z4U3R6BY589,315293,2017.0,Q3YTD,2017-01-01,2017-09-30,,604000000.0,4.75,4.75,1.05,148000000.0,4.74,,-139000000.0,,20000000.0,,1275000000.0,418000000.0,857000000.0,1245000000.0,30000000.0,-191000000.0,554000000.0,,6000000.0,,,211000000.0,4749000000.0,956000000.0,2340000000.0,,4363000000.0,211000000.0,20000000.0,6625000000.0,7089000000.0,279000000.0,6898000000.0,256900000.0,255600000.0,257300000.0
Aon PLC,AON,VVT2B79I2Z4U3R6BY589,315293,2017.0,Q3TTM,2016-10-01,2017-09-30,,644000000.0,6.45,6.45,0.09,192000000.0,6.42,,-118000000.0,,23000000.0,282000000.0,1734000000.0,802000000.0,932000000.0,1697000000.0,37000000.0,-258000000.0,745000000.0,,-21000000.0,,,-1000000.0,4749000000.0,1359000000.0,4990000000.0,,5836000000.0,281000000.0,23000000.0,8776000000.0,9739000000.0,684000000.0,9481000000.0,256900000.0,255600000.0,257300000.0
Aon PLC,AON,VVT2B79I2Z4U3R6BY589,315293,2017.0,Q2,2017-04-01,2017-06-30,2018-07-27 16:36:37+00:00,460000000.0,2.93,2.93,0.36,54000000.0,2.93,,-143000000.0,,8000000.0,,778000000.0,-43000000.0,821000000.0,769000000.0,9000000.0,-63000000.0,184000000.0,,4000000.0,,,71000000.0,2368000000.0,331000000.0,,,1466000000.0,71000000.0,8000000.0,2495000000.0,2368000000.0,-186000000.0,2305000000.0,262500000.0,262400000.0,262400000.0
Aon PLC,AON,VVT2B79I2Z4U3R6BY589,315293,2017.0,Q2YTD,2017-01-01,2017-06-30,,503000000.0,4.03,4.03,0.69,108000000.0,4.02,,-143000000.0,,10000000.0,,1083000000.0,222000000.0,861000000.0,1060000000.0,23000000.0,-131000000.0,356000000.0,,2000000.0,,,141000000.0,4749000000.0,639000000.0,,,2935000000.0,141000000.0,10000000.0,4541000000.0,4749000000.0,79000000.0,4618000000.0,262500000.0,262400000.0,262400000.0
Aon PLC,AON,VVT2B79I2Z4U3R6BY589,315293,2017.0,Q2TTM,2016-07-01,2017-06-30,,585000000.0,6.92,6.92,0.06,191000000.0,6.88,,-97000000.0,,14000000.0,282000000.0,1868000000.0,890000000.0,978000000.0,1831000000.0,37000000.0,-267000000.0,732000000.0,,-15000000.0,,,-1000000.0,4749000000.0,1309000000.0,4851000000.0,,5708000000.0,281000000.0,14000000.0,8525000000.0,9600000000.0,793000000.0,9333000000.0,262500000.0,262400000.0,262400000.0
Aon PLC,AON,VVT2B79I2Z4U3R6BY589,315293,2017.0,Q1,2017-01-01,2017-03-31,2018-05-04 16:10:38+00:00,43000000.0,1.1,1.1,0.33,54000000.0,1.09,,0.0,,2000000.0,,305000000.0,265000000.0,40000000.0,291000000.0,14000000.0,-68000000.0,172000000.0,,-2000000.0,,,70000000.0,2381000000.0,308000000.0,,,1469000000.0,70000000.0,2000000.0,2046000000.0,2381000000.0,265000000.0,2313000000.0,264500000.0,264800000.0,267000000.0
Aon PLC,AON,VVT2B79I2Z4U3R6BY589,315293,2017.0,Q1TTM,2016-04-01,2017-03-31,,163000000.0,5.11,5.11,0.03,178000000.0,5.06,,89000000.0,,9000000.0,282000000.0,1398000000.0,1206000000.0,192000000.0,1362000000.0,36000000.0,-274000000.0,736000000.0,,-20000000.0,,,1000000.0,2381000000.0,1210000000.0,7133000000.0,,5638000000.0,283000000.0,9000000.0,7925000000.0,9514000000.0,1295000000.0,9240000000.0,264500000.0,264800000.0,267000000.0
Aon PLC,AON,VVT2B79I2Z4U3R6BY589,315293,2018.0,FY,2018-01-01,2018-12-31,2020-02-14 16:40:54+00:00,,4.62,4.62,1.56,176000000.0,4.59,593000000.0,146000000.0,,5000000.0,278000000.0,1174000000.0,1100000000.0,74000000.0,1134000000.0,40000000.0,-273000000.0,854000000.0,,,,-25000000.0,,10770000000.0,1500000000.0,,,6103000000.0,278000000.0,5000000.0,9226000000.0,10770000000.0,1271000000.0,10497000000.0,245500000.0,245200000.0,247000000.0
Aon PLC,AON,VVT2B79I2Z4U3R6BY589,315293,2018.0,Q4,2018-10-01,2018-12-31,,-492000000.0,1.43,1.43,0.4,50000000.0,1.43,593000000.0,137000000.0,,,139000000.0,353000000.0,284000000.0,69000000.0,345000000.0,8000000.0,-70000000.0,208000000.0,,17000000.0,,-25000000.0,-69000000.0,5119000000.0,311000000.0,-2349000000.0,,1601000000.0,70000000.0,,2271000000.0,2770000000.0,446000000.0,2700000000.0,245500000.0,245200000.0,247000000.0
Aon PLC,AON,VVT2B79I2Z4U3R6BY589,315293,2018.0,Q3,2018-07-01,2018-09-30,2019-10-25 16:34:48+00:00,100000000.0,0.6,0.6,0.4,40000000.0,0.6,,39000000.0,,0.0,,153000000.0,155000000.0,-2000000.0,147000000.0,6000000.0,-69000000.0,219000000.0,,1000000.0,,,69000000.0,,336000000.0,2349000000.0,,1392000000.0,69000000.0,,2087000000.0,2349000000.0,194000000.0,2280000000.0,245000000.0,244000000.0,245600000.0
Aon PLC,AON,VVT2B79I2Z4U3R6BY589,315293,2018.0,Q3YTD,2018-01-01,2018-09-30,,492000000.0,3.19,3.19,1.16,126000000.0,3.16,,9000000.0,,5000000.0,139000000.0,821000000.0,816000000.0,5000000.0,789000000.0,32000000.0,-203000000.0,646000000.0,,-17000000.0,,,69000000.0,5651000000.0,1189000000.0,2349000000.0,,4502000000.0,208000000.0,5000000.0,6955000000.0,8000000000.0,825000000.0,7797000000.0,245000000.0,244000000.0,245600000.0
Aon PLC,AON,VVT2B79I2Z4U3R6BY589,315293,2018.0,Q3TTM,2017-10-01,2018-09-30,,-112000000.0,3.18,3.18,1.52,165000000.0,3.12,704000000.0,398000000.0,,12000000.0,421000000.0,809000000.0,833000000.0,-24000000.0,770000000.0,39000000.0,-267000000.0,859000000.0,,-23000000.0,,-125000000.0,-142000000.0,902000000.0,1505000000.0,9000000.0,-9998000000.0,6142000000.0,279000000.0,12000000.0,-735000000.0,911000000.0,1356000000.0,644000000.0,245000000.0,244000000.0,245600000.0
Aon PLC,AON,VVT2B79I2Z4U3R6BY589,315293,2018.0,Q2,2018-04-01,2018-06-30,2018-07-27 16:36:37+00:00,282000000.0,0.2,0.2,0.4,47000000.0,0.19,,-144000000.0,,1000000.0,69000000.0,58000000.0,57000000.0,1000000.0,48000000.0,10000000.0,-68000000.0,219000000.0,,-3000000.0,,,,2561000000.0,535000000.0,,,1494000000.0,69000000.0,1000000.0,2577000000.0,2561000000.0,-87000000.0,2493000000.0,240000000.0,246000000.0,247400000.0
Aon PLC,AON,VVT2B79I2Z4U3R6BY589,315293,2018.0,Q2YTD,2018-01-01,2018-06-30,,392000000.0,2.59,2.59,0.76,86000000.0,2.56,,-30000000.0,,5000000.0,139000000.0,668000000.0,661000000.0,7000000.0,642000000.0,26000000.0,-134000000.0,427000000.0,,-18000000.0,,,,5651000000.0,853000000.0,,,3110000000.0,139000000.0,5000000.0,4868000000.0,5651000000.0,631000000.0,5517000000.0,240000000.0,246000000.0,247400000.0
Aon PLC,AON,VVT2B79I2Z4U3R6BY589,315293,2018.0,Q2TTM,2017-07-01,2018-06-30,,-111000000.0,3.3,3.3,1.48,165000000.0,3.24,704000000.0,363000000.0,,22000000.0,421000000.0,848000000.0,874000000.0,-26000000.0,808000000.0,40000000.0,-258000000.0,838000000.0,,-20000000.0,,-125000000.0,-141000000.0,902000000.0,1486000000.0,,-9998000000.0,6178000000.0,280000000.0,22000000.0,-738000000.0,902000000.0,1362000000.0,644000000.0,240000000.0,246000000.0,247400000.0
Aon PLC,AON,VVT2B79I2Z4U3R6BY589,315293,2018.0,Q1,2018-01-01,2018-03-31,2018-05-04 16:10:38+00:00,110000000.0,2.39,2.39,0.36,39000000.0,2.37,,114000000.0,,4000000.0,70000000.0,610000000.0,604000000.0,6000000.0,594000000.0,16000000.0,-66000000.0,208000000.0,,-15000000.0,,,,3090000000.0,318000000.0,,,1616000000.0,70000000.0,4000000.0,2291000000.0,3090000000.0,718000000.0,3024000000.0,248500000.0,248500000.0,250200000.0
Aon PLC,AON,VVT2B79I2Z4U3R6BY589,315293,2018.0,Q1TTM,2017-04-01,2018-03-31,,67000000.0,6.03,6.03,1.44,172000000.0,5.98,704000000.0,364000000.0,,29000000.0,352000000.0,1568000000.0,774000000.0,794000000.0,1529000000.0,39000000.0,-253000000.0,803000000.0,,-13000000.0,,-125000000.0,-70000000.0,709000000.0,1282000000.0,,-9998000000.0,6150000000.0,282000000.0,29000000.0,-820000000.0,709000000.0,1263000000.0,456000000.0,248500000.0,248500000.0,250200000.0
Aon PLC,AON,VVT2B79I2Z4U3R6BY589,315293,2019.0,Q4,2019-10-01,2019-12-31,,-295000000.0,1.61,1.61,0.84,48000000.0,1.6,392000000.0,59000000.0,,4000000.0,235000000.0,382000000.0,382000000.0,,374000000.0,8000000.0,-76000000.0,222000000.0,,-8000000.0,,1000000.0,-155000000.0,2885000000.0,393000000.0,,,1601000000.0,80000000.0,4000000.0,2361000000.0,2885000000.0,440000000.0,2809000000.0,238600000.0,238600000.0,240600000.0
Aon PLC,AON,VVT2B79I2Z4U3R6BY589,315293,2019.0,FY,2019-01-01,2019-12-31,2020-02-14 16:40:54+00:00,,6.42,6.42,1.72,172000000.0,6.37,392000000.0,297000000.0,,8000000.0,307000000.0,1573000000.0,1574000000.0,-1000000.0,1532000000.0,41000000.0,-299000000.0,833000000.0,,,,1000000.0,,11013000000.0,1393000000.0,,,6054000000.0,307000000.0,8000000.0,8844000000.0,11013000000.0,1870000000.0,10714000000.0,238600000.0,238600000.0,240600000.0
Aon PLC,AON,VVT2B79I2Z4U3R6BY589,315293,2019.0,Q3YTD,2019-01-01,2019-09-30,,295000000.0,4.81,4.81,0.88,124000000.0,4.77,,238000000.0,,4000000.0,72000000.0,1191000000.0,1192000000.0,-1000000.0,1158000000.0,33000000.0,-223000000.0,611000000.0,,8000000.0,,,155000000.0,8128000000.0,1000000000.0,,,4453000000.0,227000000.0,4000000.0,6483000000.0,8128000000.0,1430000000.0,7905000000.0,236200000.0,236900000.0,239100000.0
Aon PLC,AON,VVT2B79I2Z4U3R6BY589,315293,2019.0,Q3TTM,2018-10-01,2019-09-30,,-197000000.0,6.24,6.24,1.28,174000000.0,6.2,593000000.0,375000000.0,,4000000.0,211000000.0,1544000000.0,1476000000.0,68000000.0,1503000000.0,41000000.0,-293000000.0,819000000.0,,25000000.0,,-25000000.0,86000000.0,13247000000.0,1311000000.0,-2349000000.0,,6054000000.0,297000000.0,4000000.0,8754000000.0,10898000000.0,1876000000.0,10605000000.0,236200000.0,236900000.0,239100000.0
Aon PLC,AON,VVT2B79I2Z4U3R6BY589,315293,2019.0,Q3,2019-07-01,2019-09-30,2019-10-25 16:34:48+00:00,101000000.0,0.94,0.94,0.44,44000000.0,0.93,,56000000.0,,1000000.0,,228000000.0,229000000.0,-1000000.0,222000000.0,6000000.0,-77000000.0,196000000.0,,2000000.0,,,78000000.0,2379000000.0,310000000.0,,,1368000000.0,78000000.0,1000000.0,2019000000.0,2379000000.0,285000000.0,2302000000.0,236200000.0,236900000.0,239100000.0
Aon PLC,AON,VVT2B79I2Z4U3R6BY589,315293,2019.0,Q2YTD,2019-01-01,2019-06-30,,194000000.0,3.87,3.87,0.44,80000000.0,3.84,,182000000.0,,3000000.0,72000000.0,963000000.0,963000000.0,,936000000.0,27000000.0,-146000000.0,415000000.0,,6000000.0,,,77000000.0,5749000000.0,690000000.0,,,3085000000.0,149000000.0,3000000.0,4464000000.0,5749000000.0,1145000000.0,5603000000.0,240900000.0,240600000.0,242800000.0
Aon PLC,AON,VVT2B79I2Z4U3R6BY589,315293,2019.0,Q2TTM,2018-07-01,2019-06-30,,-198000000.0,5.9,5.9,1.24,170000000.0,5.87,593000000.0,358000000.0,,3000000.0,211000000.0,1469000000.0,1402000000.0,67000000.0,1428000000.0,41000000.0,-285000000.0,842000000.0,,24000000.0,,-25000000.0,77000000.0,10868000000.0,1337000000.0,,,6078000000.0,288000000.0,3000000.0,8822000000.0,10868000000.0,1785000000.0,10583000000.0,240900000.0,240600000.0,242800000.0
Aon PLC,AON,VVT2B79I2Z4U3R6BY589,315293,2019.0,Q2,2019-04-01,2019-06-30,2019-07-26 16:27:21+00:00,97000000.0,1.15,1.15,0.44,40000000.0,1.14,,56000000.0,,1000000.0,,287000000.0,287000000.0,0.0,277000000.0,10000000.0,-76000000.0,211000000.0,,6000000.0,,,77000000.0,2606000000.0,344000000.0,,,1501000000.0,77000000.0,1000000.0,2193000000.0,2606000000.0,343000000.0,2530000000.0,240900000.0,240600000.0,242800000.0
Aon PLC,AON,VVT2B79I2Z4U3R6BY589,315293,2019.0,Q1,2019-01-01,2019-03-31,2020-05-01 16:48:14+00:00,97000000.0,2.72,2.72,0.4,40000000.0,2.7,,126000000.0,,2000000.0,72000000.0,676000000.0,676000000.0,0.0,659000000.0,17000000.0,-70000000.0,204000000.0,,0.0,,,,3143000000.0,346000000.0,,,1584000000.0,72000000.0,2000000.0,2271000000.0,3143000000.0,802000000.0,3073000000.0,242300000.0,242200000.0,243700000.0
Aon PLC,AON,VVT2B79I2Z4U3R6BY589,315293,2019.0,Q1TTM,2018-04-01,2019-03-31,,-13000000.0,4.95,4.95,1.2,177000000.0,4.92,593000000.0,158000000.0,,3000000.0,280000000.0,1240000000.0,1172000000.0,68000000.0,1199000000.0,41000000.0,-277000000.0,850000000.0,,15000000.0,,-25000000.0,,10823000000.0,1528000000.0,,,6071000000.0,280000000.0,3000000.0,9206000000.0,10823000000.0,1355000000.0,10546000000.0,242300000.0,242200000.0,243700000.0
Aon PLC,AON,VVT2B79I2Z4U3R6BY589,315293,2020.0,Q1TTM,2019-04-01,2020-03-31,,,7.01,7.01,1.72,173000000.0,6.96,392000000.0,360000000.0,,8000000.0,318000000.0,1688000000.0,1690000000.0,-2000000.0,1645000000.0,43000000.0,-310000000.0,813000000.0,,29000000.0,,1000000.0,,11089000000.0,1389000000.0,,,5992000000.0,318000000.0,8000000.0,8759000000.0,11089000000.0,2049000000.0,10779000000.0,233200000.0,233200000.0,234500000.0
Aon PLC,AON,VVT2B79I2Z4U3R6BY589,315293,2020.0,Q1,2020-01-01,2020-03-31,2020-05-01 16:48:14+00:00,97000000.0,3.31,3.31,0.44,41000000.0,3.29,,189000000.0,,2000000.0,83000000.0,791000000.0,792000000.0,-1000000.0,772000000.0,19000000.0,-81000000.0,184000000.0,,29000000.0,,,,3219000000.0,342000000.0,,,1522000000.0,83000000.0,2000000.0,2186000000.0,3219000000.0,981000000.0,3138000000.0,233200000.0,233200000.0,234500000.0
